4959 6175
916 621 1194 697 enarro.
1411 685 1416 694 ,
1768 603 1811 695 rr'

295 860 385 939 quse
418 836 465 913 ad
499 860 554 913 res
582 834 824 936 intelligendas
855 842 892 912 et
914 835 961 912 ad
993 834 1164 911 internam
1196 854 1316 909 earum
1345 822 1506 909 naturam
1538 835 1814 935 cognoscendam

295 958 537 1057 requiruntur,
573 964 610 1033 at
635 981 800 1033 sensuum
836 963 978 1056 raptum
1012 961 1186 1055 superant.
1235 954 1270 1029 A
1299 977 1381 1029 sero
1406 952 1586 1044 aberrant,
1622 954 1686 1055 qui
1712 954 1814 1030 disci·

295 1078 408 1179 plinas
441 1078 487 1154 ab
512 1077 722 1178 experientia
752 1075 922 1176 pmleotas
948 1074 1032 1151 satis
1064 1082 1174 1149 cemes
1209 1097 1285 1149 esse
1313 1079 1461 1172 negant:
1497 1072 1611 1150 multa
1636 1074 1730 1149 enim
1763 1074 1814 1151 ita

295 1196 533 1293 demonstrant
563 1196 661 1286 illae,
698 1202 738 1271 ut
758 1194 847 1271 nihil
878 1194 968 1273 desit
990 1194 1036 1270 ad
1070 1193 1177 1269 fidem
1202 1192 1407 1269 faciendam.
1455 1193 1569 1293 Atqui
1599 1201 1748 1270 utuntur
1776 1195 1813 1271 in

295 1316 361 1394 hac
386 1342 424 1393 re
448 1341 517 1392 non
539 1316 651 1391 solum
675 1338 841 1391 sensuum
863 1314 964 1405 visis,
989 1312 1051 1390 sed
1073 1312 1216 1391 rationis
1238 1312 1346 1388 etiam
1365 1311 1521 1390 decretis.
1571 1316 1673 1393 Quae
1694 1323 1813 1392 cutem

295 1437 341 1512 ad
362 1460 418 1511 res
439 1434 659 1536 explicandas
678 1441 862 1511 assumunt
880 1460 925 1510 ex
947 1434 1011 1523 iis,
1036 1458 1125 1533 quse
1147 1432 1307 1510 sensibus
1328 1441 1469 1532 accepta
1490 1439 1592 1523 sunt,
1616 1434 1676 1511 illa
1694 1435 1819 1535 cogni·

295 1554 399 1631 tionis
428 1554 596 1655 principia
628 1555 704 1655 ipsa
737 1562 819 1630 sunt
845 1553 1010 1630 obscura:
1048 1555 1143 1652 quod
1176 1552 1327 1629 fateatur
1358 1577 1498 1629 necesse
1529 1560 1583 1628 est
1614 1554 1814 1654 quicunqne

295 1683 390 1752 tenet
413 1700 483 1752 non
507 1676 632 1766 modo,
660 1673 722 1751 sed
748 1682 969 1777 perspectum
993 1673 1100 1749 habet
1131 1673 1218 1774 quid
1248 1672 1313 1762 sit,
1338 1673 1490 1748 cuiusvis
1511 1696 1628 1748 rerum
1652 1674 1815 1751 scientiae

295 1796 540 1898 experientiam
568 1820 644 1872 esse
669 1796 882 1897 magistram.
932 1794 1053 1893 longe
1079 1800 1196 1869 autem
1218 1792 1335 1879 abest,
1359 1800 1401 1867 ιιι
1425 1817 1524 1869 verae
1549 1817 1666 1869 rerum
1689 1818 1816 1912 cogno·

295 1916 500 2011 scenderunt
524 1917 675 1992 rationes
701 1941 821 1993 omncs
851 1916 921 1991 iarn
945 1913 1015 1989 sint
1035 1921 1198 2012 repertae.
1250 1911 1457 2011 Saepissime
1480 1913 1567 2012 quid
1588 1915 1651 1988 fiat
1670 1913 1815 2015 percipi·

295 2060 393 2127 mus,
419 2036 481 2111 sed
510 2060 665 2114 causam.
683 2036 895 2135 ignoramus.
944 2033 1139 2110 Hominum
1164 2031 1337 2107 industria
1360 2038 1397 2106 et
1423 2032 1592 2132 sagacitas
1610 2032 1818 2132 disciplinas

296 2155 496 2254 praesertim
528 2155 686 2254 physicas
709 2156 837 2229 mirum
862 2153 900 2227 in
917 2152 1069 2227 'modum
1093 2151 1245 2225 excoluit
1271 2157 1308 2225 et
1333 2150 1572 2249 amplificavit:
1610 2152 1673 2227 sed
1696 2152 1816 2228 multis

295 2274 332 2348 in
355 2273 582 2349 clarissimam
606 2274 719 2349 lucem
741 2271 914 2349 collocatis
941 2270 1053 2345 multo
1074 2270 1174 2369 plura
1196 2268 1311 2344 adhuc
1333 2268 1370 2342 in
1397 2269 1549 2343 tenebris
1570 2269 1694 2346 iacent.
1744 2272 1817 2351 Qui

295 2391 404 2491 igitur
421 2416 491 2465 non
509 2391 696 2490 acquiescit
712 2391 748 2465 in
768 2389 978 2490 quibusdam
999 2388 1160 2464 scientiae
1179 2387 1338 2487 partibus
1355 2397 1392 2463 et
1409 2398 1576 2489 tanquam
1594 2389 1818 2489 fragmentis,

297 2511 359 2587 aad
376 2509 533 2586 omnium
557 2534 673 2587 rerum
693 2509 946 2586 cohaerentiam
969 2532 1116 2608 veraque
1135 2532 1256 2583 eurum
1280 2507 1448 2609 principia
1471 2533 1675 2610 cognoscere
1700 2510 1817 2611 cupit,

296 2629 352 2705 hic
379 2629 608 2731 experientiae
631 2630 718 2706 fines
744 2629 863 2729 egredi
885 2627 1030 2729 cogitm.
1080 2628 1139 2704 Ad
1164 2627 1360 2731 analogiam
1392 2628 1534 2730 quidem
1556 2654 1695 2719 eorum,
1728 2656 1819 2731 quae

206 2736 209 2741 ¹
297 2750 386 2826 bene
408 2750 548 2850 cognita
575 2750 698 2839 hebet,
724 2749 906 2826 iudicium.
925 2747 991 2825 lert
1024 2748 1068 2823 de
1093 2747 1231 2825 ceteris:
1262 2749 1325 2824 sed
1347 2773 1531 2826 causmnm
1560 2750 1723 2841 scientia,
1757 2749 1821 2826 ubi

298 2870 540 2970 explorationis
564 2895 683 2947 earnm
706 2869 950 2971 periclitandae
978 2868 1076 2969 copia
1101 2890 1172 2944 non
1198 2875 1273 2959 est,
1298 2869 1502 2970 plerumque
1532 2869 1621 2945 nihil
1645 2870 1741 2946 alind
1766 2876 1821 2946 est

299 3016 405 3091 qnam
436 2991 631 3069 coniectura
663 2990 734 3067 sive
768 2988 989 3091 hypothesis,
1021 3013 1127 3089 quam
1160 3012 1276 3065 veram
1309 3014 1385 3065 esse
1421 2990 1554 3092 liquido
1591 2990 1821 3067 demonstrari

297 3112 430 3212 nequit.
480 3111 713 3188 Notissimum
743 3117 797 3188 est
822 3136 843 3187 a
866 3109 947 3185 viris
982 3134 1120 3186 summo
1143 3109 1284 3208 ingenio
1309 3110 1474 3210 praeditis
1500 3111 1694 3212 excogitata
1725 3136 1818 3201 esse,

297 3255 387 3331 quae
410 3254 527 3306 rerum
553 3231 645 3308 inter
668 3255 705 3308 se
728 3230 1039 3306 diveaasmsrum
1065 3230 1115 3306 ita
1138 3230 1287 3306 reddant
1306 3231 1492 3322 rationem,
1517 3240 1558 3306 ut
1583 3257 1679 3308 veras
1698 3257 1819 3309 earum

297 3375 418 3428 causas
453 3357 605 3452 repertas
632 3376 707 3428 esse
735 3351 946 3428 credendum
980 3349 1035 3428 sit.
1086 3350 1156 3424 Sed
1187 3349 1448 3449 hypothesium,
1483 3352 1614 3452 quibus
1649 3352 1823 3429 utendum

297 3475 370 3560 est,
395 3471 499 3560 aliae,
525 3472 591 3547 etsi
622 3471 766 3549 fortasse
790 3496 859 3547 non
885 3470 1003 3551 minus
1027 3494 1146 3559 verae,
1171 3470 1379 3546 luculenter·
1392 3471 1529 3572 probari
1561 3497 1631 3548 non
1661 3481 1824 3573 possunt:

296 3591 344 3668 nt
363 3590 433 3666 sive
450 3591 622 3666 eiusmodi
641 3601 741 3681 sunt,
761 3600 802 3668 ut
820 3616 882 3691 pro
902 3589 1005 3666 certis
1025 3589 1145 3665 haberi
1161 3598 1377 3681 mereantur,
1397 3592 1468 3667 sive
1485 3594 1590 3681 tales,
1609 3601 1650 3667 ut
1670 3593 1819 3692 supersit

298 3710 483 3787 dubitandi
507 3710 624 3802 loeus,
658 3737 728 3788 non
755 3711 955 3788 inductione
984 3709 1158 3809 legitima,
1196 3711 1259 3786 sed
1283 3711 1413 3786 ratione
1439 3736 1509 3788 non
1534 3711 1678 3788 omnino
1708 3713 1817 3788 solida

299 3831 468 3907 nituntur.
519 3831 784 3932 Hypothesibua
823 3830 885 3930 qui
920 3837 1057 3920 utatur,
1098 3829 1324 3906 manifestum
1363 3838 1417 3906 est
1454 3855 1535 3906 enm
1573 3855 1643 3906 non
1678 3855 1819 3932 prorsus

299 3947 536 4048 obtemperare
567 3959 768 4052 praecepto,
805 3950 892 4026 nihil
913 3973 976 4050 pro
1000 3956 1094 4026 certo
1119 3949 1323 4029 habendum
1354 3976 1447 4042 esse,
1482 3951 1567 4028 nisi-
1584 3952 1682 4052 quod
1714 3976 1818 4052 expe·

194 4065 197 4074 '
300 4067 431 4143 rientia'
448 4076 593 4146 constet.

347 4187 392 4262 In
428 4189 582 4288 antiquis
615 4190 834 4293 Philosophia
869 4191 981 4282 luere,
1019 4192 1081 4292 qui
1116 4192 1381 4268 consumant
1402 4192 1594 4294 sapientem
1626 4215 1820 4291 numquam
1854 4287 1876 4300 Ι,

300 4307 442 4408 opinari.
491 4310 540 4384 Ει
563 4310 715 4410 profecto
738 4313 837 4387 Dens
863 4311 958 4388 haud
984 4311 1164 4412 opinatur,
1200 4311 1263 4386 sed
1295 4336 1340 4387 ne
1372 4312 1649 4412 sapientissimus
1674 4309 1818 4412 quidem

301 4427 498 4504 mortalium
515 4429 560 4506 ab
578 4430 739 4530 opinione
759 4431 932 4508 abstinere
950 4439 1078 4531 potest:
1095 4431 1263 4508 hactenus
1282 4438 1401 4507 autem
1421 4431 1537 4506 differt
1550 4431 1597 4508 ab
1615 4431 1818 4533 insipiente,

302 4547 396 4645 quod
413 4549 645 4648 cognitionem
664 4552 763 4630 valde
779 4551 1017 4653 imperfectam
1037 4575 1115 4628 vere
1133 4552 1183 4628 its
1201 4551 1314 4628 dictae
1333 4550 1496 4662 scientiae
1514 4574 1583 4627 non
1601 4551 1820 4651 aequiparat,
1954 4581 1957 4589 ’

302 4668 620 4761 nacconieoturas,
644 4695 689 4747 ne
714 4669 977 4751 consimillimae
997 4673 1160 4774 quidem,
1192 4696 1274 4749 cum
1296 4671 1340 4747 iis
1361 4670 1561 4761 contundit,
1586 4695 1675 4771 qnae
1694 4694 1756 4770 per
1781 4678 1825 4744 se'

303 4793 385 4862 sunt
415 4795 510 4866 certa
543 4798 606 4894 put
636 4790 747 4870 firmis
774 4793 989 4894 argumentis
1014 4792 1172 4895 probra
1217 4792 1290 4870 Sed
1317 4790 1505 4893 sapientiae
1536 4791 1715 4868 studiosus
1748 4815 1818 4865 non

1604 4913 1627 4984 3

982 4979 997 5022 t
