4959 6175
661 647 728 716 238
1253 651 1293 718 A.
1327 651 1604 752 musmo

659 857 772 932 {oeten
795 855 932 932 konnen
951 880 995 930 en
1015 863 1191 932 ammata
1209 856 1254 930 de
1272 856 1466 932 intensiteit
1486 859 1587 934 dener
1607 857 1783 958 wimling
1800 866 1994 951 toenoemt,
2018 863 2192 940 noemden

662 975 718 1076 wij
745 975 788 1050 de
814 975 962 1075 voeding
986 999 1052 1050 van
1077 975 1139 1051 het
1163 975 1300 1050 weefsel
1324 975 1531 1077 kraohtiger.

707 1095 771 1169 Dit
801 1093 831 1169 is
863 1095 1043 1170 volkomen
1062 1095 1161 1194 juist.
1213 1097 1313 1170 Maur
1337 1094 1398 1170 het
1421 1096 1618 1194 organismo
1640 1096 1672 1171 is
1696 1097 1749 1171 uit
1770 1123 1835 1172 oen
1860 1100 1977 1176 aantnl
2001 1100 2192 1201 dorgelijke

657 1215 811 1290 weefsels
833 1216 1071 1315 opgebouwd,
1097 1215 1153 1290 die
1174 1215 1210 1288 in
1235 1215 1516 1315 onafscheidelijk
1542 1216 1695 1292 verband
1722 1227 1795 1292 met
1814 1218 1979 1294 elkander
2000 1221 2191 1298 werkzaam

657 1335 736 1435 nijn.
787 1337 851 1411 zal
888 1336 932 1410 de
967 1335 1210 1434 stofwisseling
1239 1335 1277 1408 in
1312 1336 1372 1410 het
1403 1335 1573 1434 ligchaam
1606 1361 1672 1412 nan
1700 1336 1767 1410 den
1792 1338 1887 1412 einch
1914 1341 2079 1428 voldoeu,
2104 1366 2190 1415 wer·

655 1454 763 1554 kelijk
788 1455 948 1530 derhalve
967 1456 1116 1555 voeding
1138 1455 1262 1530 hoeten
1282 1480 1429 1555 mogon,
1454 1456 1523 1530 dan
1547 1456 1719 1532 behooren
1745 1457 1790 1532 de
1815 1457 2063 1534 verschillende
2086 1459 2188 1535 wenf-

658 1575 726 1648 sels
753 1576 938 1675 evenredig
962 1577 998 1650 in
1023 1578 1081 1650 die
1105 1577 1280 1676 wisseling
1304 1587 1339 1650 te
1363 1575 1496 1650 deelen.

705 1695 831 1769 Wordt
859 1696 915 1770 die
945 1696 1161 1770 voorwaarde
1184 1696 1258 1769 niet
1282 1696 1443 1781 vervuld,
1469 1695 1538 1768 dun
1563 1696 1593 1768 is
1617 1694 1677 1798 het
1700 1696 1889 1772 vereischte
1916 1698 2087 1797 evenwigt
2113 1707 2186 1774 tus·

654 1814 757 1889 sehon
782 1815 826 1888 de
850 1815 1094 1890 verschillende
1119 1813 1428 1914 ligchaamsdeelen
1452 1812 1663 1902 verbmken‚
1690 1814 1759 1888 dan
1783 1815 1896 1891 treedt
1917 1839 1955 1889 er
1976 1815 2089 1889 ziekte
2113 1818 2162 1892 in.

703 1935 758 2008 De
783 1934 978 2034 krachtiger
1002 1934 1244 2033 stoswisseling
1266 1934 1302 2007 in
1329 1933 1375 2006 de
1401 1932 1493 2007 lever
1517 1933 1719 2032 gedurende
1751 1934 1796 2008 de
1822 1935 2080 2034 spijsvertering
2101 1936 2184 2010 heb·

653 2053 721 2128 ben
754 2055 809 2153 wij
845 2056 896 2129 als
930 2056 1078 2154 voeding
1100 2065 1267 2155 opgevat,
1290 2054 1327 2152 ja
1348 2053 1431 2128 zelfs
1452 2053 1509 2152 ,wij
1536 2078 1644 2152 zagen
1669 2053 1779 2128 hierin
1803 2079 1888 2128 eene
1910 2054 2186 2154 physiologische

652 2174 869 2248 voorwaarde
894 2200 974 2248 voor
999 2177 1066 2250 den
1093 2176 1299 2275 geregelden
1326 2199 1421 2272 gang
1445 2173 1545 2247 horor
1566 2173 1708 2250 sanctie.
1762 2176 1829 2248 Die
1852 2175 2030 2273 krachtige
2054 2175 2184 2251 functie

652 2291 721 2368 kan
756 2305 903 2392 nogtans
934 2296 1044 2369 alleen
1077 2296 1145 2370 dan
1182 2293 1358 2391 werkelijk
1394 2293 1543 2391 voeding
1580 2293 1724 2384 heeten,
1764 2295 1884 2369 indien
1916 2295 1959 2368 de
1993 2296 2184 2371 intensiteit

650 2412 713 2487 der
751 2413 993 2518 stofwisseling
1023 2415 1060 2488 in
1088 2415 1132 2490 de
1166 2414 1413 2488 verschillende
1449 2415 1577 2488 andere
1604 2415 1917 2514 ligchaamsdeelen
1945 2414 2122 2492 hiermede
2147 2417 2183 2491 in

649 2534 983 2634 oveoeenstemming
1016 2535 1057 2610 is.
1109 2537 1152 2608 In
1189 2534 1249 2608 het
1284 2535 1623 2633 tegenovergestelde
1655 2535 1756 2633 geval
1791 2536 1901 2609 wordt
1935 2536 1986 2609 uit
2019 2535 2077 2610 die
2110 2561 2182 2612 ver·

650 2652 787 2752 hoogde
820 2655 949 2728 functio
984 2680 1048 2729 van
1087 2655 1131 2728 de
1166 2656 1258 2730 lever
1297 2679 1382 2729 eene
1418 2655 1603 2753 gevreesde
1636 2656 1747 2729 ziekte
1783 2656 1947 2753 geboren.
2005 2656 2059 2730 De
2093 2657 2182 2732 lever

651 2775 801 2848 woekert
834 2775 900 2849 dan
936 2785 994 2849 ten
1028 2775 1127 2850 koste
1163 2800 1227 2850 van
1255 2775 1315 2848 het
1339 2775 1477 2874 overige
1504 2776 1695 2874 ligchaam‚
1721 2801 1764 2850 en
1791 2776 1930 2851 hoeveel
1952 2777 2181 2877 eiwitachtige

649 2893 721 2970 stef
744 2892 812 2969 ook
840 2919 922 2994 mag
953 2897 1091 2970 worden
1125 2896 1352 2996 toegevoerd,
1388 2895 1432 2969 de
1464 2896 1707 2995 stofwisseling
1731 2897 1768 2971 in
1793 2898 1837 2971 de
1864 2898 2001 2996 overige
2028 2923 2181 2995 organon

648 3013 741 3115 blijft
771 3016 944 3115 gestoord.
996 3017 1116 3091 Onder
1145 3016 1211 3091 den
1244 3016 1380 3090 invloed
1405 3040 1471 3090 van
1499 3016 1559 3091 het
1578 3019 1805 3093 toenemende
1832 3018 2087 3119 suikergehalte
2115 3044 2179 3095 van

648 3137 708 3211 het
736 3136 839 3210 bloed
863 3146 980 3210 neomt
1001 3137 1045 3211 de
1070 3136 1331 3236 stofwisseling‚
1357 3138 1401 3210 de
1423 3137 1571 3237 voeding
1595 3138 1631 3211 in
1654 3138 1698 3211 de
1716 3139 1853 3238 overige
1869 3140 2181 3237 ligchaamsdeelen

646 3282 739 3331 meer
762 3280 806 3330 en
832 3282 925 3331 meet
949 3257 989 3331 af
1008 3282 1051 3331 en
1078 3257 1121 3330 de
1147 3258 1238 3331 dood
1261 3259 1292 3331 is
1317 3283 1355 3331 er
1379 3257 1439 3333 het
1463 3257 1706 3357 noodzakelijk
1731 3260 1855 3359 gevolg
1881 3284 1956 3334 vau.

692 3377 844 3451 Behalve
869 3376 951 3451 deze
981 3377 1220 3457 harmonischo
1255 3378 1410 3477 working
1441 3380 1604 3453 tusschen
1633 3379 1677 3453 de
1700 3379 1948 3453 verschillende
1971 3379 2176 3477 ligchaams·

645 3497 765 3571 deelen
793 3497 825 3570 is
850 3496 917 3571 ool<
946 3498 990 3571 de
1014 3499 1197 3597 geregelde
1223 3524 1319 3599 gang
1344 3500 1406 3573 der
1430 3498 1671 3597 stofwisseling
1697 3499 1733 3574 in
1764 3499 1821 3573 elk
1854 3499 1989 3574 weefsel
2012 3524 2075 3573 een
2101 3524 2174 3573 ver·

645 3618 784 3692 eischte.
836 3618 910 3692 Het
943 3619 972 3691 is
1005 3619 1077 3692 niet
1103 3644 1237 3717 genoeg
1264 3619 1325 3693 dat
1359 3620 1418 3693 het
1456 3620 1549 3693 oiwit
1575 3621 1689 3693 worde
1720 3630 1897 3718 omgezet;
1931 3619 1999 3693 ook
2025 3618 2069 3691 de
2093 3619 2177 3693 nard

645 3738 706 3813 der
731 3738 939 3836 omzetting,
965 3739 1008 3812 de
1031 3739 1162 3838 rigting
1183 3741 1245 3815 der
1271 3738 1513 3838 stofwisseling
1543 3750 1636 3814 moet
1660 3740 1814 3814 dezelfde
1842 3738 1988 3837 blijven‚
2015 3748 2108 3814 want
2133 3739 2176 3812 de

645 3859 728 3933 anrd
750 3858 850 3933 dezer
873 3859 1062 3957 omzetting
1086 3861 1117 3934 is
1147 3860 1223 3945 het,
1250 3859 1374 3933 diedo
1399 3859 1529 3933 functie
1554 3860 1702 3959 bepaalt,

693 3978 749 4051 De
772 3978 955 4077 geregelde
980 4004 1074 4078 gang
1097 3979 1158 4053 der
1181 3978 1426 4079 stofwisseling
1448 3982 1485 4054 in
1511 3981 1554 4054 de
1578 3980 1826 4055 verschillende
1851 4003 2002 4079 organon
2028 3978 2077 4077 bij
2103 4002 2175 4053 ver·

645 4096 869 4173 meerderden
896 4108 1032 4203 {oevoer
1059 4124 1123 4173 van
1151 4099 1380 4199 eiwitachtige
1408 4101 1480 4175 stof
1502 4102 1533 4174 is
1559 4100 1719 4175 derhalve
1747 4123 1909 4174 evenzeer
1935 4123 2020 4173 eene
2045 4098 2174 4173 onmis·

643 4216 726 4291 bare
752 4219 981 4307 voorwaarde‚
1008 4218 1059 4292 zal
1079 4218 1135 4293 die
1159 4221 1416 4295 vermeerderde
1441 4220 1683 4322 stofwisseling
1706 4220 1882 4319 werkelijk
1904 4230 1959 4293 tot
1979 4219 2174 4318 krachtiger

644 4336 792 4436 voeding
817 4338 950 4427 leiden3
976 4384 1026 4401 -
1050 4365 1093 4414 en
1126 4340 1161 4413 in
1196 4339 1240 4413 de
1276 4340 1367 4415 lever
1396 4341 1569 4416 erkennen
1596 4342 1651 4441 wij
1685 4341 1786 4415 reeds
1819 4365 1904 4415 eene
1936 4339 2173 4428 voorwaarde,

644 4457 817 4530 waardoor
839 4457 882 4532 de
906 4460 1129 4560 regelmatige
1152 4461 1342 4560 omzetting
1363 4462 1398 4535 in
1422 4462 1466 4535 de
1489 4462 1733 4537 verschillende
1753 4462 1873 4535 deelen
1898 4461 1960 4535 des
1983 4461 2172 4560 ligchaama

642 4575 855 4675 begunstigd
884 4579 1003 4654 wordt.

689 4692 745 4788 Bij
778 4693 821 4766 de
858 4694 994 4783 diesen,
1031 4697 1087 4771 die
1121 4722 1185 4771 van
1222 4699 1357 4773 vleesch
1388 4700 1428 4774 os
1457 4700 1633 4799 gemengd
1665 4700 1802 4775 voedsel
1835 4700 1951 4787 leven,
1983 4708 2102 4773 neemt
2122 4723 2169 4773 na

642 4813 741 4889 elken
766 4814 923 4913 maeltijd
951 4816 1010 4889 het
1032 4816 1263 4916 eiwitgehalte
1287 4819 1348 4893 des
1373 4820 1494 4894 bloeds
1514 4820 1719 4920 aanzienlijk
1741 4832 1808 4895 toe.
1858 4819 2057 4918 Evenredig
2079 4818 2168 4892 hier·
2205 4857 2208 4862 >
