4959 6175
890 675 1167 754 ORATIO.
1745 686 1787 755 85

270 901 435 971 eventura
465 917 541 968 eoae
568 893 738 970 videntur.
790 894 958 972 Certatim
988 896 1137 997 quiaque
1161 919 1258 970 arma
1281 893 1457 996 capiebat,
1482 895 1631 996 patriae,
1656 895 1713 971 oui
1733 902 1787 994 ty·

271 1038 401 1092 rannus
428 1014 570 1090 iamiam
596 1013 813 1105 immineret,
842 1015 994 1092 tuendae
1020 1041 1135 1092 eausa.
1185 1015 1468 1092 voluntariorum
1491 1015 1610 1116 oopiee
1632 1039 1675 1090 ex
1698 1015 1790 1090 vario

273 1135 462 1212 iuoolarum
497 1157 645 1234 genem
679 1161 700 1211 e
738 1135 872 1212 oiuibua
901 1160 1042 1237 quoqne
1073 1135 1309 1225 Aoedemiois,
1340 1135 1544 1234 prodibant,
1570 1133 1791 1234 lentaequee

275 1258 400 1334 militia
428 1255 558 1332 urbana
587 1257 745 1332 ooborteo
771 1255 840 1356 ipoi
869 1255 1034 1332 exemitui
1060 1261 1196 1356 praesto
1227 1280 1303 1332 esse
1330 1255 1515 1332 debebant.
1566 1257 1642 1330 Iam
1665 1256 1701 1330 in
1729 1255 1789 1330 ha·

251 1401 355 1472 ,rum
382 1401 497 1452 rerum
527 1367 806 1452 eommuuiouem
840 1399 1029 1452 nnronuu
1059 1377 1174 1464 venit,
1197 1375 1357 1474 tantique
1378 1375 1536 1465 habitus,
1561 1383 1602 1450 ut
1625 1375 1791 1451 Centurio

276 1497 517 1597 praetiooretur
552 1497 615 1572 uni
653 1523 674 1572 e
715 1497 903 1598 manipulis
939 1495 1081 1572 urbanis
1116 1495 1340 1585 anteatino,
1376 1495 1438 1596 qui
1477 1494 1643 1572 exercitui
1681 1495 1792 1596 patrio

276 1617 558 1716 adiungerentur.

324 1735 395 1810 Sed
405 1734 493 1810 haee
508 1737 625 1812 omnia
640 1761 854 1836 quamquam
868 1737 1044 1814 ueterrima
1061 1745 1181 1836 parata
1198 1743 1314 1828 eraut,
1333 1759 1527 1812 uuaonnou
1543 1745 1680 1825 temen,
1699 1735 1794 1812 nulla

277 1879 371 1930 mora
406 1855 628 1956 interponito,
662 1855 780 1957 oopiaa
814 1881 896 1934 onae
925 1857 1023 1958 priua
1051 1858 1088 1932 in
1121 1857 1231 1932 aoiem
1258 1857 1442 1945 eduxerat,
1468 1881 1574 1956 quam
1596 1857 1725 1933 milites
1744 1855 1796 1930 illi

279 1974 461 2051 voluntarii
497 1975 623 2051 eouin
659 2001 833 2054 armorum
867 2001 936 2054 nau
962 2000 1165 2078 progressus
1187 1977 1357 2064 fenerant,
1391 1985 1431 2051 ut
1458 1979 1542 2054 socii
1564 1977 1794 2078 periculorum

279 2103 314 2168 et
348 2093 479 2193 gloriae
512 2095 597 2170 addi
629 2097 772 2172 militiae
802 2097 1101 2173 Nederlandorum
1137 2105 1324 2197 perpetuae
1353 2104 1505 2196 possent.
1556 2095 1795 2173 Vehementiu-

280 2213 384 2289 uimos
415 2215 657 2314 Imperatorio,
688 2217 735 2292 ad
767 2217 1042 2316 desperationem
1073 2216 1205 2305 amau,
1240 2216 1392 2316 impetus
1427 2241 1498 2292 una
1528 2239 1610 2292 oum
1642 2214 1797 2292 exerciti-

280 2333 346 2418 bna
376 2332 561 2410 foederatio
590 2334 799 2435 reprimendi
826 2337 890 2426 iio,
919 2337 957 2412 in
982 2335 1250 2438 flagrantissima
1281 2335 1476 2424 voluntate,
1507 2334 1619 2409 detuit
1640 2332 1796 2412 facultas.

280 2453 326 2531 llt
353 2453 495 2530 dolona
523 2455 561 2530 in
586 2456 719 2556 nampio
744 2456 931 2551 Waterloir
952 2463 1145 2558 reportata,
1181 2479 1286 2532 omne
1318 2455 1478 2556 Europae
1506 2453 1659 2530 libertati
1683 2455 1797 2532 immi·

281 2598 364 2650 neno
386 2573 528 2673 pulsum
555 2585 630 2652 erat
653 2577 856 2678 perieulum

316 2694 386 2780 ¹Ab
419 2719 596 2772 annornm
632 2698 779 2798 strepitu
800 2703 941 2774 voootno
964 2702 1018 2772 oet
1043 2718 1232 2773 rurorroa
1260 2695 1448 2770 adamam
1473 2717 1609 2782 rerum,
1634 2691 1728 2793 paoie
1755 2693 1801 2768 ad

281 2813 435 2912 uigorem
457 2797 561 2888 auum
585 2812 838 2914 indigentium,
862 2839 1062 2916 munusque
1092 2815 1217 2915 genuit,
1242 2813 1342 2892 ouius
1370 2813 1575 2914 grauitatem
1604 2821 1801 2912 temporum

283 2929 422 3008 illorum
445 2941 623 3010 momento
645 2941 827 3013 auxerunt.
912 2951 915 2955 ’

333 3052 533 3129 Nurornon
554 3053 778 3133 Aoademiam
796 3055 1025 3133 l'raieotinam
1044 3055 1082 3131 iu
1103 3079 1186 3133 eum
1208 3055 1324 3133 loeum
1346 3053 1486 3132 detrudi
1510 3053 1675 3144 iusserat,
1701 3060 1749 3131 utx
1764 3069 1817 3129 eor

287 3172 442 3272 proxime
467 3173 512 3249 ab
538 3175 683 3253 interitu
713 3178 860 3254 abesset.
908 3175 981 3253 Sed
1013 3175 1091 3277 ipsa
1114 3202 1160 3253 ue
1185 3175 1286 3253 malie
1309 3176 1464 3265 eederet,
1490 3176 1645 3253 feoerunt
1665 3175 1801 3275 potissi·

285 3316 382 3368 mum
414 3292 540 3369 uirium
564 3294 793 3397 mprimioqw
811 3296 1030 3373 daoeesomm
1054 3303 1249 3373 nostrorum
1279 3297 1316 3372 iu
1336 3320 1479 3373 munere
1501 3295 1710 3373 Professorio
1736 3295 1803 3370 for-

284 3412 397 3487 titudo
424 3422 461 3489 et
482 3415 679 3515 prudentia.
729 3416 873 3493 Iuribus
899 3417 1002 3493 aritio
1028 3416 1212 3505 destituta,
1236 3416 1344 3517 inque
1370 3416 1522 3493 sobolem
1541 3414 1691 3519 -oeoundi
1713 3414 1804 3489 ordi·

285 3530 337 3607 nia
358 3541 592 3623 commutata,
617 3560 658 3611 ea
680 3560 742 3637 per
764 3543 914 3635 quatuor
934 3536 1008 3613 fere
1031 3560 1141 3613 annos
1162 3561 1227 3613 usa
1254 3543 1327 3613 erat
1352 3536 1569 3625 conditione,
1586 3532 1694 3611 ouius
1719 3533 1804 3609 ima·

287 3651 399 3750 mem
419 3653 551 3753 optime
571 3655 714 3754 praebet
732 3648 916 3757 ohryaolia,
940 3682 986 3733 ex
1006 3684 1077 3760 qua
1095 3656 1282 3757 aliquando
1302 3657 1431 3758 papilio
1450 3654 1614 3756 prodibit.
1664 3652 1803 3727 Extrin-

289 3796 382 3848 ueoua
412 3774 504 3849 ritae
534 3773 668 3879 indicia,
686 3778 899 3879 apparebant
918 3802 1048 3879 pauca,
1073 3778 1135 3854 aad
1155 3779 1240 3855 haee
1263 3778 1332 3852 vita
1357 3778 1452 3852 intua
1473 3775 1634 3851 oonoluea
1663 3772 1804 3873 vigoris-

290 3915 354 3989 que
377 3893 481 3993 plena
504 3902 589 3971 erat

335 4011 467 4111 Raptis
486 4012 619 4113 patriae
643 4015 810 4107 vinoulio,
834 4018 912 4120 ipae
934 4040 1075 4118 qnoque
1096 4018 1327 4119 ignominiosa
1345 4015 1482 4093 vinnula
1505 4012 1641 4093 abieoit.
1674 4010 1808 4088 Audita
1918 4032 1921 4039 “

291 4152 368 4205 rooe
391 4154 588 4209 ourmuur
611 4157 626 4207 1
649 4144 846 4235 experrecta
869 4142 923 4211 aot
941 4136 988 4212 ad
1009 4136 1115 4212 vitam
1137 4136 1405 4236 splendidiorem
1425 4143 1581 4213 etenum
1604 4130 1671 4208 eibi
1692 4132 1808 4208 looum

291 4247 472 4325 rmdieavit
505 4252 543 4325 in
571 4254 703 4352 patriae
733 4262 870 4331 nostrae
886 4255 1112 4341 ,Academia
1159 4256 1288 4333 Adhuc
1313 4279 1471 4332 resonare
1496 4254 1687 4329 multorum
1712 4255 1805 4328 auri·

291 4366 353 4443 bna
384 4368 567 4447 ridebatur
598 4398 705 4451 ronna
732 4383 984 4453 tormentorum
1017 4374 1240 4466 bellomon,
1271 4399 1361 4476 quae
1391 4376 1428 4449 in
1460 4373 1592 4475 campie
1623 4371 1809 4449 Weterlois

292 4497 439 4588 stragem
471 4490 671 4586 ediderant,
703 4519 814 4595 quum
842 4497 979 4597 regium
1003 4496 1048 4573 da
1078 4495 1303 4571 Institutione
1328 4492 1495 4596 superiori
1516 4494 1707 4569 Decretum
1729 4516 1807 4591 pro·

292 4608 522 4709 mulgebatur.
571 4614 671 4690 Iieet
690 4615 728 4691 iu
750 4617 814 4694 boo
837 4618 985 4695 Deereto
1009 4616 1097 4694 ratio
1120 4615 1306 4693 baberetur
1330 4638 1470 4703 eorum,
1496 4636 1586 4714 quaa
1609 4620 1689 4687 aute
1710 4612 1808 4687 inati-

291 4734 364 4803 tnta
397 4754 536 4831 uauqne
564 4734 732 4813 diutmno
767 4738 912 4840 probata
947 4746 1067 4826 eraut,
1100 4736 1168 4813 alia
1199 4743 1317 4813 tamen
1346 4742 1503 4824 mutata,
1538 4732 1747 4833 amplificata
1774 4742 1809 4806 et

292 4848 489 4940 emendata,
512 4876 601 4930 nova
620 4854 688 4931 alia
711 4880 788 4933 eoae
808 4856 1032 4960 apparebant.
1082 4856 1222 4935 Horum
1246 4856 1402 4935 omnium
1430 4853 1705 4933 inducendorum
1727 4875 1810 4926 oura
