4959 6175
717 697 760 765 64
1194 684 1754 759 sult1ustrcT101lum

813 900 1061 1004 Experimenta
1094 897 1301 977 instituendi
1330 905 1441 974 artem
1472 894 1613 973 docebit
1639 900 1676 971 et
1699 889 1872 969 Exercitia
1893 891 2046 992 practica

859 1022 896 1097 in
918 1020 1142 1097 laboratorio
1166 1016 1403 1094 moderabitur
1422 1015 1589 1116 quotidie.

813 1143 906 1218 Cum
942 1140 1114 1218 Studiosis
1146 1136 1418 1242 provectioribus
1441 1136 1487 1211 de
1511 1130 1734 1234 Physiologia
1760 1130 1919 1230 chymics
1941 1132 2044 1209 collo·

860 1276 1007 1361 quetur,
1033 1260 1090 1337 die
1115 1259 1284 1349 Veneris,
1315 1256 1400 1333 hora
1426 1254 1621 1356 vespertina
1628 1308 1931 1344 .........
1968 1251 2054 1328 hora
2067 1251 2236 1328 v-Vlll.

716 1392 1005 1456 G.1.v1tRDsM
1037 1382 1220 1458 Elementa
1254 1376 1472 1455 Geometriae
1505 1374 1628 1477 planae
1662 1380 1699 1449 et
1733 1372 2044 1473 ffigonometnam

764 1501 903 1603 planam
923 1500 1057 1589 tradet,
1083 1500 1140 1576 die
1162 1498 1256 1575 Iovia
1265 1548 2044 1588 ......................
2191 1496 2237 1584 I,

910 1627 947 1695 et
981 1618 1038 1694 die
1068 1618 1234 1707 Veneris,
1271 1668 2045 1693 ......................
2077 1612 2235 1689 lxetrt

815 1738 1093 1813 stereometriam
1115 1744 1151 1812 et
1172 1734 1484 1837 Trigouometriam
1507 1731 1720 1833 sphaericam
1740 1730 1899 1822 docebit,
1923 1732 2105 1811 diebus

860 1857 987 1933 Martis
1016 1864 1053 1932 ot
1081 1856 1194 1946 Iovis,
1230 1909 2044 1933 .......................
2137 1850 2237 1928 VIII.

812 1976 993 2053 Calculum
1022 1975 1298 2052 Differentialom
1329 1982 1366 2050 et
1392 1972 1599 2073 integralem
1624 1971 1780 2071 itemque
1805 1971 2046 2049 Mechauioam

863 2094 1047 2185 tractabit,
1073 2096 1199 2173 diebrm
1222 2103 1260 2173 et
1285 2095 1381 2171 horis
1406 2094 1533 2169 deinde
1554 2090 1761 2169 indicandis.

810 2217 950 2293 Sohclas
971 2216 1223 2317 paedagogicas
1243 2215 1408 2303 habebit,
1431 2214 1490 2289 die
1514 2213 1657 2303 Lunae,
1681 2212 1766 2291 hora
1787 2214 1982 2292 commoda.

713 2348 746 2409 r.
766 2346 913 2407 Ktlsnu
926 2337 1192 2413 ,mtrmomiam
1213 2334 1437 2411 theoreticam
1452 2334 1585 2424 madet,
1604 2334 1731 2411 diebus
1749 2336 1888 2425 Lunae,
1902 2334 2046 2424 Martis,

761 2455 928 2531 Mercurii
950 2461 986 2529 et
1014 2454 1111 2532 Iovis
1121 2511 2043 2544 ..........................
2184 2457 2236 2532 II.

810 2572 1077 2651 Astronomiam.
1090 2574 1298 2673 practicam,
1318 2574 1444 2650 iisdem
1465 2574 1590 2650 diebus
1597 2632 2044 2665 .............
2197 2578 2237 2651 I.

809 2686 1088 2783 Astronomiam,
1110 2718 1214 2793 quam
1236 2694 1440 2795 popularem
1459 2700 1600 2785 vocant,
1621 2693 1757 2785 tradet,
1776 2695 1901 2772 diebus
1922 2696 2045 2773 Lunae

839 2820 897 2891 'et
918 2813 1030 2903 iovis,
1062 2814 1147 2891 hora
1175 2814 1369 2915 vespertina
1377 2872 2048 2905 ...................
2197 2814 2237 2890 V.

810 2931 1076 3009 Arithmeticam
1106 2930 1336 3008 universalem
1367 2931 1501 3023 tradet,
1531 2932 1658 3008 diebus
1686 2934 1829 3025 Lunae,
1858 2933 1984 3011 Martis
2011 2940 2048 3010 et

857 3050 1045 3144 MercuriI,
1080 3107 2044 3132 ...........................
2189 3052 2237 3128 11.

813 3174 978 3274 Singulos
1013 3197 1095 3249 suos
1129 3173 1319 3249 Auditores
1352 3172 1398 3249 ad
1430 3173 1566 3250 coelum
1599 3173 1679 3250 tubi
1704 3174 1812 3276 optici
1838 3198 1905 3275 ope
1932 3173 2049 3274 perlu-

862 3293 1044 3370 strandum
1069 3293 1160 3393 aptit
1187 3293 1405 3394 temporibus
1431 3294 1598 3372 evocabit
1818 3323 1824 3340 ·

813 3412 912 3490 Artis
932 3410 1139 3488 observandi
1162 3411 1344 3488 Eremitiis
1368 3413 1525 3512 quotidie
1547 3413 1708 3513 praeerit.

716 3545 753 3608 G.
772 3543 814 3607 Η.
833 3543 887 3606 Dlt
907 3537 1052 3606 must
1075 3531 1112 3608 iu
1134 3531 1234 3608 India
1255 3543 1431 3622 versante,
1449 3532 1543 3608 illius
1565 3531 1700 3610 scholas
1723 3531 1867 3611 habebit
1888 3543 1936 3607 w,
1955 3543 1990 3608 lt
2009 3545 2046 3606 lt

764 3651 1298 3738 sosmsm‚1>rof.ssuaord.
1451 3729 1456 3740 ,

716 3786 749 3846 Ρ.
776 3785 811 3846 n
836 3784 953 3845 multu
986 3771 1169 3870 Physicam
1203 3770 1508 3870 experimentalem
1542 3769 1703 3862 docebit,
1744 3770 1870 3849 diebus
1902 3773 2046 3862 Lunae,

766 3891 912 3980 Martis,
944 3891 1130 3980 Mercurii,
1155 3890 1249 3966 Iovis
1272 3895 1309 3965 et
1330 3889 1497 3980 Veneris,
1524 3949 1532 3966 .
1559 3882 1569 3967 ζ
1595 3948 2041 3971 .............
2170 3891 2242 3966 XII.

816 4010 873 4084 De
906 4006 1066 4105 physices
1095 4008 1269 4107 capitibus
1292 4007 1427 4084 selectis
1458 4010 1563 4086 latius
1585 4018 1622 4086 et
1649 4010 1761 4088 fusius
1786 4011 1953 4102 disseret,
1975 4011 2048 4088 die·

866 4125 939 4215 bus,
962 4125 1085 4202 Lunae
1111 4134 1147 4202 et
1173 4127 1340 4213 Mercurii
1347 4185 2046 4218 .....................
2121 4225 2128 4235 ⁸
2196 4130 2242 4206 X.

816 4244 1001 4346 Physicam
1020 4245 1299 4325 mathematicam
1319 4247 1451 4339 tradet,
1471 4249 1596 4328 diebus
1616 4251 1738 4328 Lunae
1756 4259 1792 4328 et
1810 4251 1974 4342 Veneris,
2000 4311 2009 4328 .
2036 4311 2045 4328 .
2169 4249 2242 4326 ΙΙΙ.

820 4364 1001 4442 Exercitiis
1025 4365 1177 4466 physicis
1199 4369 1369 4468 practicis
1380 4370 1529 4470 praeerit
1548 4371 1714 4471 quotidie.
2155 4453 2161 4464 ,

724 4493 771 4558 w.
790 4495 824 4557 F.
844 4495 880 4556 R
898 4496 1117 4572 sURmGsB,
1137 4488 1231 4565 Prot.
1261 4490 1449 4581 extramd„
1473 4491 1766 4591 morphologiam,
1783 4491 1994 4567 anatomiam
2014 4496 2052 4565 st

771 4600 1017 4703 physiologiam
1031 4603 1227 4702 plantarum
1240 4615 1401 4708 exponet,
1413 4607 1538 4685 diebus
1549 4608 1732 4698 Mercurii,
1745 4610 1834 4686 lovis
1845 4617 1881 4685 et
1890 4609 2060 4698 Veneris,
2212 4608 2243 4683 Ι.

741 4805 744 4812 ,
821 4718 1114 4852 Phytogmpbiam
1129 4730 1164 4797 et
1177 4725 1410 4804 taxonomiam
1423 4728 1620 4829 plantarum
1635 4729 1790 4821 docebit,
1802 4729 1927 4807 diebus
1933 4730 2065 4806 Lunae-
