<?xml version="1.0" encoding="UTF-8"?>
<!DOCTYPE html PUBLIC "-//W3C//DTD XHTML 1.0 Transitional//EN"
    "http://www.w3.org/TR/xhtml1/DTD/xhtml1-transitional.dtd">
<html xmlns="http://www.w3.org/1999/xhtml" xml:lang="en" lang="en">
 <head>
  <title>
</title>
<meta http-equiv="Content-Type" content="text/html;charset=utf-8" />
  <meta name='ocr-system' content='tesseract 3.04.00' />
  <meta name='ocr-capabilities' content='ocr_page ocr_carea ocr_par ocr_line ocrx_word'/>
</head>
<body>
  <div class='ocr_page' id='page_1' title='image "annalesacademic12unkngoog_0175.png"; bbox 0 0 4959 6175; ppageno 0'>
   <div class='ocr_carea' id='block_1_1' title="bbox 753 661 1786 734">
    <p class='ocr_par' dir='ltr' id='par_1_1' title="bbox 753 661 1786 734">
     <span class='ocr_line' id='line_1_1' title="bbox 753 661 1786 734; baseline -0.001 -1"><span class='ocrx_word' id='word_1_1' title='bbox 753 685 756 688; x_wconf 74' lang='grc'><strong><em>’</em></strong></span> <span class='ocrx_word' id='word_1_2' title='bbox 879 665 1232 734; x_wconf 72' lang='lat' dir='ltr'><strong>anzinio..</strong></span> <span class='ocrx_word' id='word_1_3' title='bbox 1721 661 1786 732; x_wconf 84' lang='lat'><strong>165</strong></span> 
     </span>
    </p>
   </div>
   <div class='ocr_carea' id='block_1_2' title="bbox 151 873 1795 3267">
    <p class='ocr_par' dir='ltr' id='par_1_2' title="bbox 250 873 1785 1342">
     <span class='ocr_line' id='line_1_2' title="bbox 250 873 1783 977; baseline -0.005 -22"><span class='ocrx_word' id='word_1_4' title='bbox 250 893 321 955; x_wconf 89' lang='lat' dir='ltr'><strong>non</strong></span> <span class='ocrx_word' id='word_1_5' title='bbox 345 877 455 953; x_wconf 89' lang='lat' dir='ltr'><strong>simul</strong></span> <span class='ocrx_word' id='word_1_6' title='bbox 476 901 557 952; x_wconf 91' lang='lat' dir='ltr'><strong>cum</strong></span> <span class='ocrx_word' id='word_1_7' title='bbox 575 874 649 950; x_wconf 86' lang='lat' dir='ltr'><strong>ovis</strong></span> <span class='ocrx_word' id='word_1_8' title='bbox 669 873 724 948; x_wconf 88' lang='lat' dir='ltr'><strong>vel</strong></span> <span class='ocrx_word' id='word_1_9' title='bbox 743 875 849 975; x_wconf 88' lang='lat' dir='ltr'><strong>pullis</strong></span> <span class='ocrx_word' id='word_1_10' title='bbox 871 885 897 949; x_wconf 77' lang='lat' dir='ltr'><strong>e‘</strong></span> <span class='ocrx_word' id='word_1_11' title='bbox 911 876 995 951; x_wconf 93' lang='lat' dir='ltr'><strong>nido</strong></span> <span class='ocrx_word' id='word_1_12' title='bbox 1018 875 1205 977; x_wconf 89' lang='lat' dir='ltr'><strong>capiende,</strong></span> <span class='ocrx_word' id='word_1_13' title='bbox 1229 875 1273 950; x_wconf 91' lang='lat' dir='ltr'><strong>de</strong></span> <span class='ocrx_word' id='word_1_14' title='bbox 1296 883 1450 950; x_wconf 85' lang='lat' dir='ltr'><strong>extremo</strong></span> <span class='ocrx_word' id='word_1_15' title='bbox 1471 875 1545 975; x_wconf 83' lang='lat' dir='ltr'><strong>agri</strong></span> <span class='ocrx_word' id='word_1_16' title='bbox 1564 873 1692 974; x_wconf 84' lang='lat' dir='ltr'><strong>angulo</strong></span> <span class='ocrx_word' id='word_1_17' title='bbox 1712 877 1783 949; x_wconf 86' lang='lat' dir='ltr'><strong>non</strong></span> 
     </span>
     <span class='ocr_line' id='line_1_3' title="bbox 253 978 1784 1102; baseline -0.003 -28"><span class='ocrx_word' id='word_1_18' title='bbox 253 998 485 1087; x_wconf 85' lang='lat' dir='ltr'><strong>demetenda,</strong></span> <span class='ocrx_word' id='word_1_19' title='bbox 520 995 648 1102; x_wconf 75' lang='lat' dir='ltr'><strong>similia</strong></span> <span class='ocrx_word' id='word_1_20' title='bbox 680 978 824 1084; x_wconf 75' lang='lat' dir='ltr'><strong>multa,</strong></span> <span class='ocrx_word' id='word_1_21' title='bbox 838 997 923 1095; x_wconf 93' lang='lat' dir='ltr'><strong>quin</strong></span> <span class='ocrx_word' id='word_1_22' title='bbox 948 996 992 1071; x_wconf 92' lang='lat' dir='ltr'><strong>iis</strong></span> <span class='ocrx_word' id='word_1_23' title='bbox 1013 1022 1102 1096; x_wconf 88' lang='lat' dir='ltr'><strong>quse</strong></span> <span class='ocrx_word' id='word_1_24' title='bbox 1124 996 1168 1071; x_wconf 91' lang='lat' dir='ltr'><strong>de</strong></span> <span class='ocrx_word' id='word_1_25' title='bbox 1185 995 1261 1069; x_wconf 88' lang='lat' dir='ltr'><strong>iure</strong></span> <span class='ocrx_word' id='word_1_26' title='bbox 1281 995 1418 1070; x_wconf 84' lang='lat' dir='ltr'><strong>talionis</strong></span> <span class='ocrx_word' id='word_1_27' title='bbox 1436 995 1512 1096; x_wconf 80' lang='lat' dir='ltr'><strong>lege</strong></span> <span class='ocrx_word' id='word_1_28' title='bbox 1531 1005 1663 1072; x_wconf 88' lang='lat' dir='ltr'><strong>statuta</strong></span> <span class='ocrx_word' id='word_1_29' title='bbox 1681 1005 1784 1086; x_wconf 89' lang='lat' dir='ltr'><strong>sunt,</strong></span> 
     </span>
     <span class='ocr_line' id='line_1_4' title="bbox 252 1116 1785 1218; baseline -0.002 -21"><span class='ocrx_word' id='word_1_30' title='bbox 252 1121 368 1198; x_wconf 91' lang='lat' dir='ltr'><strong>multo</strong></span> <span class='ocrx_word' id='word_1_31' title='bbox 383 1119 498 1218; x_wconf 78' lang='lat' dir='ltr'><strong>magis</strong></span> <span class='ocrx_word' id='word_1_32' title='bbox 520 1118 607 1192; x_wconf 91' lang='lat' dir='ltr'><strong>mihi</strong></span> <span class='ocrx_word' id='word_1_33' title='bbox 632 1116 769 1190; x_wconf 86' lang='lat' dir='ltr'><strong>videtur</strong></span> <span class='ocrx_word' id='word_1_34' title='bbox 793 1119 905 1192; x_wconf 85' lang='lat' dir='ltr'><strong>caveri</strong></span> <span class='ocrx_word' id='word_1_35' title='bbox 922 1141 967 1192; x_wconf 90' lang='lat' dir='ltr'><strong>ne</strong></span> <span class='ocrx_word' id='word_1_36' title='bbox 985 1117 1063 1216; x_wconf 89' lang='lat' dir='ltr'><strong>quis</strong></span> <span class='ocrx_word' id='word_1_37' title='bbox 1085 1117 1179 1192; x_wconf 90' lang='lat' dir='ltr'><strong>iusto</strong></span> <span class='ocrx_word' id='word_1_38' title='bbox 1196 1116 1319 1191; x_wconf 85' lang='lat' dir='ltr'><strong>maiori</strong></span> <span class='ocrx_word' id='word_1_39' title='bbox 1340 1141 1452 1217; x_wconf 87' lang='lat' dir='ltr'><strong>poena</strong></span> <span class='ocrx_word' id='word_1_40' title='bbox 1471 1117 1656 1207; x_wconf 85' lang='lat' dir='ltr'><strong>efficiatur,</strong></span> <span class='ocrx_word' id='word_1_41' title='bbox 1678 1141 1785 1217; x_wconf 90' lang='lat' dir='ltr'><strong>quam</strong></span> 
     </span>
     <span class='ocr_line' id='line_1_5' title="bbox 251 1237 1033 1342; baseline -0.006 -27"><span class='ocrx_word' id='word_1_42' title='bbox 251 1241 331 1342; x_wconf 88' lang='lat' dir='ltr'><strong>ipsa</strong></span> <span class='ocrx_word' id='word_1_43' title='bbox 349 1263 462 1340; x_wconf 90' lang='lat' dir='ltr'><strong>poena</strong></span> <span class='ocrx_word' id='word_1_44' title='bbox 486 1263 578 1336; x_wconf 84' lang='lat' dir='ltr'><strong>quse</strong></span> <span class='ocrx_word' id='word_1_45' title='bbox 601 1238 791 1336; x_wconf 84' lang='lat' dir='ltr'><strong>infligenda</strong></span> <span class='ocrx_word' id='word_1_46' title='bbox 815 1237 862 1311; x_wconf 93' lang='lat' dir='ltr'><strong>sit</strong></span> <span class='ocrx_word' id='word_1_47' title='bbox 885 1237 1033 1311; x_wconf 86' lang='lat' dir='ltr'><strong>definiri.</strong></span> 
     </span>
    </p>

    <p class='ocr_par' dir='ltr' id='par_1_3' title="bbox 253 1357 1789 2177">
     <span class='ocr_line' id='line_1_6' title="bbox 303 1357 1785 1457; baseline -0.001 -21"><span class='ocrx_word' id='word_1_48' title='bbox 303 1361 410 1436; x_wconf 88' lang='lat' dir='ltr'><strong>Plura</strong></span> <span class='ocrx_word' id='word_1_49' title='bbox 436 1358 644 1434; x_wconf 88' lang='lat' dir='ltr'><strong>adducenda</strong></span> <span class='ocrx_word' id='word_1_50' title='bbox 662 1357 774 1433; x_wconf 85' lang='lat' dir='ltr'><strong>habeo</strong></span> <span class='ocrx_word' id='word_1_51' title='bbox 807 1383 898 1457; x_wconf 85' lang='lat' dir='ltr'><strong>quae</strong></span> <span class='ocrx_word' id='word_1_52' title='bbox 925 1359 1055 1433; x_wconf 85' lang='lat' dir='ltr'><strong>¹omitto</strong></span> <span class='ocrx_word' id='word_1_53' title='bbox 1079 1381 1124 1431; x_wconf 89' lang='lat' dir='ltr'><strong>ne</strong></span> <span class='ocrx_word' id='word_1_54' title='bbox 1149 1364 1261 1431; x_wconf 88' lang='lat' dir='ltr'><strong>vestra</strong></span> <span class='ocrx_word' id='word_1_55' title='bbox 1287 1357 1453 1456; x_wconf 83' lang='lat' dir='ltr'><strong>patientis</strong></span> <span class='ocrx_word' id='word_1_56' title='bbox 1478 1358 1613 1434; x_wconf 85' lang='lat' dir='ltr'><strong>abutar.</strong></span> <span class='ocrx_word' id='word_1_57' title='bbox 1664 1359 1785 1434; x_wconf 92' lang='lat' dir='ltr'><strong>Unum</strong></span> 
     </span>
     <span class='ocr_line' id='line_1_7' title="bbox 253 1478 1786 1578; baseline 0 -22"><span class='ocrx_word' id='word_1_58' title='bbox 253 1488 364 1556; x_wconf 85' lang='lat' dir='ltr'><strong>restet</strong></span> <span class='ocrx_word' id='word_1_59' title='bbox 397 1479 493 1578; x_wconf 89' lang='lat' dir='ltr'><strong>quod</strong></span> <span class='ocrx_word' id='word_1_60' title='bbox 526 1479 686 1554; x_wconf 86' lang='lat' dir='ltr'><strong>omittere</strong></span> <span class='ocrx_word' id='word_1_61' title='bbox 718 1503 873 1576; x_wconf 84' lang='lat' dir='ltr'>nequeo,</span> <span class='ocrx_word' id='word_1_62' title='bbox 907 1479 1028 1577; x_wconf 78' lang='lat' dir='ltr'><strong>paucis</strong></span> <span class='ocrx_word' id='word_1_63' title='bbox 1063 1486 1181 1554; x_wconf 89' lang='lat' dir='ltr'><strong>tamen</strong></span> <span class='ocrx_word' id='word_1_64' title='bbox 1205 1479 1389 1576; x_wconf 85' lang='lat' dir='ltr'><strong>attingam.</strong></span> <span class='ocrx_word' id='word_1_65' title='bbox 1440 1478 1478 1552; x_wconf 89' lang='lat' dir='ltr'><strong>Si</strong></span> <span class='ocrx_word' id='word_1_66' title='bbox 1503 1478 1590 1578; x_wconf 89' lang='lat' dir='ltr'><strong>quid</strong></span> <span class='ocrx_word' id='word_1_67' title='bbox 1613 1481 1707 1554; x_wconf 92' lang='lat' dir='ltr'><strong>enim</strong></span> <span class='ocrx_word' id='word_1_68' title='bbox 1732 1491 1786 1556; x_wconf 91' lang='lat' dir='ltr'><strong>est</strong></span> 
     </span>
     <span class='ocr_line' id='line_1_8' title="bbox 255 1598 1789 1702; baseline 0.001 -28"><span class='ocrx_word' id='word_1_69' title='bbox 255 1600 351 1702; x_wconf 89' lang='lat' dir='ltr'><strong>quod</strong></span> <span class='ocrx_word' id='word_1_70' title='bbox 377 1600 425 1675; x_wconf 89' lang='lat' dir='ltr'><strong>ab</strong></span> <span class='ocrx_word' id='word_1_71' title='bbox 446 1599 505 1674; x_wconf 89' lang='lat' dir='ltr'><strong>illa</strong></span> <span class='ocrx_word' id='word_1_72' title='bbox 529 1599 618 1698; x_wconf 83' lang='lat' dir='ltr'><strong>legis</strong></span> <span class='ocrx_word' id='word_1_73' title='bbox 640 1598 757 1674; x_wconf 92' lang='lat' dir='ltr'><strong>indole</strong></span> <span class='ocrx_word' id='word_1_74' title='bbox 784 1600 905 1675; x_wconf 91' lang='lat' dir='ltr'><strong>morali</strong></span> <span class='ocrx_word' id='word_1_75' title='bbox 926 1600 1080 1675; x_wconf 89' lang='lat' dir='ltr'><strong>alienum</strong></span> <span class='ocrx_word' id='word_1_76' title='bbox 1106 1625 1201 1688; x_wconf 87' lang='lat' dir='ltr'><strong>esse,</strong></span> <span class='ocrx_word' id='word_1_77' title='bbox 1227 1599 1313 1698; x_wconf 90' lang='lat' dir='ltr'><strong>quin</strong></span> <span class='ocrx_word' id='word_1_78' title='bbox 1330 1599 1457 1694; x_wconf 44' lang='lat' dir='ltr'><strong>wmultis</strong></span> <span class='ocrx_word' id='word_1_79' title='bbox 1484 1599 1518 1673; x_wconf 91' lang='lat' dir='ltr'><strong>ei</strong></span> <span class='ocrx_word' id='word_1_80' title='bbox 1540 1625 1733 1702; x_wconf 86' lang='lat' dir='ltr'><strong>repugnare</strong></span> <span class='ocrx_word' id='word_1_81' title='bbox 1752 1612 1789 1676; x_wconf 92' lang='lat' dir='ltr'><strong>et</strong></span> 
     </span>
     <span class='ocr_line' id='line_1_9' title="bbox 254 1717 1786 1818; baseline 0 -22"><span class='ocrx_word' id='word_1_82' title='bbox 254 1721 378 1796; x_wconf 88' lang='lat' dir='ltr'><strong>obesse</strong></span> <span class='ocrx_word' id='word_1_83' title='bbox 396 1720 572 1808; x_wconf 83' lang='lat' dir='ltr'><strong>videatur,</strong></span> <span class='ocrx_word' id='word_1_84' title='bbox 596 1727 680 1794; x_wconf 92' lang='lat' dir='ltr'><strong>sunt</strong></span> <span class='ocrx_word' id='word_1_85' title='bbox 703 1719 777 1793; x_wconf 85' lang='lat' dir='ltr'><strong>sins</strong></span> <span class='ocrx_word' id='word_1_86' title='bbox 807 1718 914 1794; x_wconf 92' lang='lat' dir='ltr'><strong>dubio</strong></span> <span class='ocrx_word' id='word_1_87' title='bbox 941 1725 1123 1817; x_wconf 87' lang='lat' dir='ltr'><strong>praecepta</strong></span> <span class='ocrx_word' id='word_1_88' title='bbox 1148 1717 1209 1792; x_wconf 85' lang='lat' dir='ltr'><strong>illa</strong></span> <span class='ocrx_word' id='word_1_89' title='bbox 1234 1717 1364 1816; x_wconf 89' lang='lat' dir='ltr'><strong>quibus</strong></span> <span class='ocrx_word' id='word_1_90' title='bbox 1388 1719 1621 1794; x_wconf 87' lang='lat' dir='ltr'><strong>minutissima</strong></span> <span class='ocrx_word' id='word_1_91' title='bbox 1644 1723 1786 1818; x_wconf 79' lang='lat' dir='ltr'><strong>quaevis</strong></span> 
     </span>
     <span class='ocr_line' id='line_1_10' title="bbox 255 1837 1785 1939; baseline 0.001 -23"><span class='ocrx_word' id='word_1_92' title='bbox 255 1841 300 1916; x_wconf 87' lang='lat' dir='ltr'><strong>de</strong></span> <span class='ocrx_word' id='word_1_93' title='bbox 334 1840 439 1928; x_wconf 89' lang='lat' dir='ltr'><strong>locis,</strong></span> <span class='ocrx_word' id='word_1_94' title='bbox 473 1840 647 1939; x_wconf 87' lang='lat' dir='ltr'><strong>personis,</strong></span> <span class='ocrx_word' id='word_1_95' title='bbox 679 1838 893 1937; x_wconf 82' lang='lat' dir='ltr'><strong>temporibus</strong></span> <span class='ocrx_word' id='word_1_96' title='bbox 926 1839 1031 1914; x_wconf 89' lang='lat' dir='ltr'><strong>sacris</strong></span> <span class='ocrx_word' id='word_1_97' title='bbox 1065 1839 1178 1936; x_wconf 88' lang='lat' dir='ltr'><strong>deque</strong></span> <span class='ocrx_word' id='word_1_98' title='bbox 1210 1837 1427 1914; x_wconf 81' lang='lat' dir='ltr'><strong>caerimoniis</strong></span> <span class='ocrx_word' id='word_1_99' title='bbox 1450 1839 1488 1912; x_wconf 93' lang='lat' dir='ltr'><strong>in</strong></span> <span class='ocrx_word' id='word_1_100' title='bbox 1512 1839 1581 1914; x_wconf 90' lang='lat' dir='ltr'><strong>Dei</strong></span> <span class='ocrx_word' id='word_1_101' title='bbox 1604 1840 1703 1916; x_wconf 89' lang='lat' dir='ltr'><strong>cultu</strong></span> <span class='ocrx_word' id='word_1_102' title='bbox 1726 1867 1785 1917; x_wconf 86' lang='lat' dir='ltr'><strong>cx·</strong></span> 
     </span>
     <span class='ocr_line' id='line_1_11' title="bbox 254 1959 1787 2062; baseline 0.002 -25"><span class='ocrx_word' id='word_1_103' title='bbox 254 1971 357 2038; x_wconf 86' lang='lat' dir='ltr'><strong>terno</strong></span> <span class='ocrx_word' id='word_1_104' title='bbox 390 1960 614 2036; x_wconf 86' lang='lat' dir='ltr'><strong>observandis</strong></span> <span class='ocrx_word' id='word_1_105' title='bbox 646 1967 869 2048; x_wconf 89' lang='lat' dir='ltr'><strong>statuuntur,</strong></span> <span class='ocrx_word' id='word_1_106' title='bbox 905 1959 949 2034; x_wconf 91' lang='lat' dir='ltr'><strong>de</strong></span> <span class='ocrx_word' id='word_1_107' title='bbox 982 1959 1110 2062; x_wconf 21' lang='lat' dir='ltr'><strong>quib-us</strong></span> <span class='ocrx_word' id='word_1_108' title='bbox 1145 1969 1264 2033; x_wconf 86' lang='lat' dir='ltr'><strong>temen</strong></span> <span class='ocrx_word' id='word_1_109' title='bbox 1295 1967 1424 2058; x_wconf 90' lang='lat' dir='ltr'><strong>sponte</strong></span> <span class='ocrx_word' id='word_1_110' title='bbox 1449 1960 1553 2035; x_wconf 84' lang='lat' dir='ltr'><strong>aliam</strong></span> <span class='ocrx_word' id='word_1_111' title='bbox 1578 1963 1787 2040; x_wconf 89' lang='lat' dir='ltr'><strong>sententiam</strong></span> 
     </span>
     <span class='ocr_line' id='line_1_12' title="bbox 255 2079 1512 2177; baseline -0.001 -20"><span class='ocrx_word' id='word_1_112' title='bbox 255 2082 428 2170; x_wconf 79' lang='lat' dir='ltr'><strong>letemus,</strong></span> <span class='ocrx_word' id='word_1_113' title='bbox 451 2080 556 2156; x_wconf 93' lang='lat' dir='ltr'><strong>modo</strong></span> <span class='ocrx_word' id='word_1_114' title='bbox 579 2080 644 2156; x_wconf 90' lang='lat' dir='ltr'><strong>hoc</strong></span> <span class='ocrx_word' id='word_1_115' title='bbox 666 2089 848 2156; x_wconf 76' lang='lat' dir='ltr'><strong>teneamus</strong></span> <span class='ocrx_word' id='word_1_116' title='bbox 872 2106 913 2155; x_wconf 89' lang='lat' dir='ltr'><strong>ca</strong></span> <span class='ocrx_word' id='word_1_117' title='bbox 932 2079 1049 2157; x_wconf 86' lang='lat' dir='ltr'><strong>omnis</strong></span> <span class='ocrx_word' id='word_1_118' title='bbox 1070 2105 1187 2155; x_wconf 85' lang='lat' dir='ltr'><strong>revera</strong></span> <span class='ocrx_word' id='word_1_119' title='bbox 1211 2104 1288 2154; x_wconf 89' lang='lat' dir='ltr'><strong>esse</strong></span> <span class='ocrx_word' id='word_1_120' title='bbox 1314 2079 1512 2177; x_wconf 85' lang='lat' dir='ltr'><strong>symbolice.</strong></span> 
     </span>
    </p>

    <p class='ocr_par' dir='ltr' id='par_1_4' title="bbox 151 2200 1795 3267">
     <span class='ocr_line' id='line_1_13' title="bbox 304 2200 1789 2302; baseline 0.002 -25"><span class='ocrx_word' id='word_1_121' title='bbox 304 2203 429 2301; x_wconf 83' lang='lat' dir='ltr'><strong>longe</strong></span> <span class='ocrx_word' id='word_1_122' title='bbox 459 2226 543 2277; x_wconf 90' lang='lat' dir='ltr'><strong>sane</strong></span> <span class='ocrx_word' id='word_1_123' title='bbox 576 2227 652 2277; x_wconf 92' lang='lat' dir='ltr'><strong>esse</strong></span> <span class='ocrx_word' id='word_1_124' title='bbox 687 2202 798 2302; x_wconf 84' lang='lat' dir='ltr'><strong>possit</strong></span> <span class='ocrx_word' id='word_1_125' title='bbox 833 2202 877 2276; x_wconf 90' lang='lat' dir='ltr'><strong>de</strong></span> <span class='ocrx_word' id='word_1_126' title='bbox 912 2200 1148 2299; x_wconf 84' lang='lat' dir='ltr'><strong>symbolorum</strong></span> <span class='ocrx_word' id='word_1_127' title='bbox 1190 2207 1315 2274; x_wconf 86' lang='lat' dir='ltr'><strong>natura</strong></span> <span class='ocrx_word' id='word_1_128' title='bbox 1346 2207 1381 2273; x_wconf 89' lang='lat' dir='ltr'><strong>et</strong></span> <span class='ocrx_word' id='word_1_129' title='bbox 1415 2200 1448 2273; x_wconf 90' lang='lat' dir='ltr'><strong>vi</strong></span> <span class='ocrx_word' id='word_1_130' title='bbox 1483 2201 1682 2300; x_wconf 87' lang='lat' dir='ltr'><strong>disputatio.</strong></span> <span class='ocrx_word' id='word_1_131' title='bbox 1733 2205 1789 2280; x_wconf 81' lang='lat' dir='ltr'><strong>Ex</strong></span> 
     </span>
     <span class='ocr_line' id='line_1_14' title="bbox 151 2319 1790 2424; baseline 0.002 -26"><span class='ocrx_word' id='word_1_132' title='bbox 151 2331 157 2340; x_wconf 83' lang='grc'><strong>’</strong></span> <span class='ocrx_word' id='word_1_133' title='bbox 256 2346 337 2398; x_wconf 88' lang='lat' dir='ltr'><strong>meo</strong></span> <span class='ocrx_word' id='word_1_134' title='bbox 359 2321 501 2421; x_wconf 87' lang='lat' dir='ltr'><strong>quidem</strong></span> <span class='ocrx_word' id='word_1_135' title='bbox 530 2322 704 2397; x_wconf 90' lang='lat' dir='ltr'><strong>sententia</strong></span> <span class='ocrx_word' id='word_1_136' title='bbox 723 2322 955 2421; x_wconf 85' lang='lat' dir='ltr'><strong>comparanda</strong></span> <span class='ocrx_word' id='word_1_137' title='bbox 980 2329 1062 2396; x_wconf 91' lang='lat' dir='ltr'><strong>sunt</strong></span> <span class='ocrx_word' id='word_1_138' title='bbox 1085 2319 1243 2418; x_wconf 86' lang='lat' dir='ltr'><strong>symbola</strong></span> <span class='ocrx_word' id='word_1_139' title='bbox 1262 2345 1344 2394; x_wconf 92' lang='lat' dir='ltr'><strong>cum</strong></span> <span class='ocrx_word' id='word_1_140' title='bbox 1365 2319 1494 2394; x_wconf 88' lang='lat' dir='ltr'><strong>tabulis</strong></span> <span class='ocrx_word' id='word_1_141' title='bbox 1515 2323 1635 2421; x_wconf 92' lang='lat' dir='ltr'><strong>pictis,</strong></span> <span class='ocrx_word' id='word_1_142' title='bbox 1660 2326 1790 2424; x_wconf 92' lang='lat' dir='ltr'><strong>quibus</strong></span> 
     </span>
     <span class='ocr_line' id='line_1_15' title="bbox 256 2439 1790 2543; baseline 0.001 -25"><span class='ocrx_word' id='word_1_143' title='bbox 256 2467 312 2518; x_wconf 89' lang='lat' dir='ltr'><strong>res</strong></span> <span class='ocrx_word' id='word_1_144' title='bbox 336 2443 511 2540; x_wconf 84' lang='lat' dir='ltr'><strong>quaedem</strong></span> <span class='ocrx_word' id='word_1_145' title='bbox 534 2442 749 2542; x_wconf 85' lang='lat' dir='ltr'><strong>imaginibus</strong></span> <span class='ocrx_word' id='word_1_146' title='bbox 771 2448 1095 2543; x_wconf 86' lang='lat' dir='ltr'><strong>repraesentantur,</strong></span> <span class='ocrx_word' id='word_1_147' title='bbox 1119 2441 1170 2514; x_wconf 90' lang='lat' dir='ltr'><strong>ita</strong></span> <span class='ocrx_word' id='word_1_148' title='bbox 1192 2450 1233 2515; x_wconf 91' lang='lat' dir='ltr'><strong>ut</strong></span> <span class='ocrx_word' id='word_1_149' title='bbox 1253 2439 1389 2538; x_wconf 90' lang='lat' dir='ltr'><strong>proprie</strong></span> <span class='ocrx_word' id='word_1_150' title='bbox 1410 2440 1506 2516; x_wconf 88' lang='lat' dir='ltr'><strong>nulla</strong></span> <span class='ocrx_word' id='word_1_151' title='bbox 1527 2441 1706 2542; x_wconf 87' lang='lat' dir='ltr'><strong>indigeant</strong></span> <span class='ocrx_word' id='word_1_152' title='bbox 1732 2469 1790 2519; x_wconf 86' lang='lat' dir='ltr'><strong>ex·</strong></span> 
     </span>
     <span class='ocr_line' id='line_1_16' title="bbox 256 2561 1791 2663; baseline 0.003 -25"><span class='ocrx_word' id='word_1_153' title='bbox 256 2562 462 2662; x_wconf 83' lang='lat' dir='ltr'><strong>plicatione,</strong></span> <span class='ocrx_word' id='word_1_154' title='bbox 489 2563 552 2638; x_wconf 90' lang='lat' dir='ltr'><strong>sed</strong></span> <span class='ocrx_word' id='word_1_155' title='bbox 571 2564 649 2663; x_wconf 92' lang='lat' dir='ltr'><strong>ipso</strong></span> <span class='ocrx_word' id='word_1_156' title='bbox 673 2563 842 2662; x_wconf 86' lang='lat' dir='ltr'><strong>adspectu</strong></span> <span class='ocrx_word' id='word_1_157' title='bbox 866 2564 912 2638; x_wconf 85' lang='lat' dir='ltr'><strong>ed</strong></span> <span class='ocrx_word' id='word_1_158' title='bbox 939 2570 1093 2638; x_wconf 89' lang='lat' dir='ltr'><strong>mentem</strong></span> <span class='ocrx_word' id='word_1_159' title='bbox 1121 2561 1432 2660; x_wconf 88' lang='lat' dir='ltr'><strong>contemplantium</strong></span> <span class='ocrx_word' id='word_1_160' title='bbox 1459 2564 1560 2660; x_wconf 85' lang='lat' dir='ltr'><strong>quasi</strong></span> <span class='ocrx_word' id='word_1_161' title='bbox 1587 2565 1791 2663; x_wconf 88' lang='lat' dir='ltr'><strong>loquantur,</strong></span> 
     </span>
     <span class='ocr_line' id='line_1_17' title="bbox 258 2682 1792 2783; baseline 0.004 -25"><span class='ocrx_word' id='word_1_162' title='bbox 258 2709 370 2783; x_wconf 92' lang='lat' dir='ltr'><strong>quum</strong></span> <span class='ocrx_word' id='word_1_163' title='bbox 401 2685 467 2783; x_wconf 92' lang='lat' dir='ltr'><strong>qni</strong></span> <span class='ocrx_word' id='word_1_164' title='bbox 496 2684 535 2760; x_wconf 94' lang='lat' dir='ltr'><strong>in</strong></span> <span class='ocrx_word' id='word_1_165' title='bbox 565 2709 625 2759; x_wconf 86' lang='lat' dir='ltr'><strong>ess</strong></span> <span class='ocrx_word' id='word_1_166' title='bbox 650 2685 768 2760; x_wconf 89' lang='lat' dir='ltr'><strong>oculos</strong></span> <span class='ocrx_word' id='word_1_167' title='bbox 790 2684 974 2760; x_wconf 87' lang='lat' dir='ltr'><strong>coniicisut</strong></span> <span class='ocrx_word' id='word_1_168' title='bbox 997 2683 1092 2782; x_wconf 82' lang='lat' dir='ltr'><strong>ipsus</strong></span> <span class='ocrx_word' id='word_1_169' title='bbox 1115 2707 1171 2757; x_wconf 89' lang='lat' dir='ltr'><strong>res</strong></span> <span class='ocrx_word' id='word_1_170' title='bbox 1192 2683 1320 2757; x_wconf 91' lang='lat' dir='ltr'><strong>intueri</strong></span> <span class='ocrx_word' id='word_1_171' title='bbox 1341 2682 1408 2756; x_wconf 93' lang='lat' dir='ltr'><strong>sibi</strong></span> <span class='ocrx_word' id='word_1_172' title='bbox 1431 2682 1624 2761; x_wconf 79' lang='lat' dir='ltr'><strong>videantur.</strong></span> <span class='ocrx_word' id='word_1_173' title='bbox 1674 2687 1792 2766; x_wconf 85' lang='lat' dir='ltr'><strong>Quae·</strong></span> 
     </span>
     <span class='ocr_line' id='line_1_18' title="bbox 256 2803 1792 2904; baseline 0.001 -23"><span class='ocrx_word' id='word_1_174' title='bbox 256 2829 339 2881; x_wconf 83' lang='lat' dir='ltr'><strong>num</strong></span> <span class='ocrx_word' id='word_1_175' title='bbox 375 2812 495 2880; x_wconf 86' lang='lat' dir='ltr'><strong>sutem</strong></span> <span class='ocrx_word' id='word_1_176' title='bbox 532 2805 712 2882; x_wconf 74' lang='lat' dir='ltr'><strong>Ismenus</strong></span> <span class='ocrx_word' id='word_1_177' title='bbox 744 2813 780 2881; x_wconf 87' lang='lat' dir='ltr'><strong>ct</strong></span> <span class='ocrx_word' id='word_1_178' title='bbox 813 2830 920 2904; x_wconf 91' lang='lat' dir='ltr'><strong>quam</strong></span> <span class='ocrx_word' id='word_1_179' title='bbox 952 2804 1115 2879; x_wconf 90' lang='lat' dir='ltr'><strong>distincte</strong></span> <span class='ocrx_word' id='word_1_180' title='bbox 1150 2804 1188 2878; x_wconf 92' lang='lat' dir='ltr'><strong>in</strong></span> <span class='ocrx_word' id='word_1_181' title='bbox 1221 2803 1389 2902; x_wconf 85' lang='lat' dir='ltr'><strong>symbolis</strong></span> <span class='ocrx_word' id='word_1_182' title='bbox 1416 2803 1489 2878; x_wconf 90' lang='lat' dir='ltr'><strong>suis</strong></span> <span class='ocrx_word' id='word_1_183' title='bbox 1519 2804 1667 2880; x_wconf 84' lang='lat' dir='ltr'><strong>viderint</strong></span> <span class='ocrx_word' id='word_1_184' title='bbox 1690 2807 1792 2882; x_wconf 90' lang='lat' dir='ltr'><strong>nobis</strong></span> 
     </span>
     <span class='ocr_line' id='line_1_19' title="bbox 258 2923 1795 3025; baseline 0.003 -26"><span class='ocrx_word' id='word_1_185' title='bbox 258 2950 357 3000; x_wconf 90' lang='lat' dir='ltr'><strong>nunc</strong></span> <span class='ocrx_word' id='word_1_186' title='bbox 390 2950 492 3025; x_wconf 88' lang='lat' dir='ltr'><strong>saepe</strong></span> <span class='ocrx_word' id='word_1_187' title='bbox 527 2925 702 3001; x_wconf 89' lang='lat' dir='ltr'><strong>difficilius</strong></span> <span class='ocrx_word' id='word_1_188' title='bbox 726 2927 824 3002; x_wconf 90' lang='lat' dir='ltr'><strong>dictu</strong></span> <span class='ocrx_word' id='word_1_189' title='bbox 849 2934 989 3024; x_wconf 89' lang='lat' dir='ltr'><strong>sstpro</strong></span> <span class='ocrx_word' id='word_1_190' title='bbox 1013 2924 1153 2999; x_wconf 92' lang='lat' dir='ltr'><strong>illorum</strong></span> <span class='ocrx_word' id='word_1_191' title='bbox 1181 2923 1358 3024; x_wconf 86' lang='lat' dir='ltr'><strong>cogitandi</strong></span> <span class='ocrx_word' id='word_1_192' title='bbox 1387 2925 1629 3025; x_wconf 88' lang='lat' dir='ltr'><strong>sentiendique</strong></span> <span class='ocrx_word' id='word_1_193' title='bbox 1651 2927 1795 3003; x_wconf 90' lang='lat' dir='ltr'><strong>rationis</strong></span> 
     </span>
     <span class='ocr_line' id='line_1_20' title="bbox 260 3045 1794 3139; baseline -0.001 -14"><span class='ocrx_word' id='word_1_194' title='bbox 260 3072 283 3125; x_wconf 91' lang='lat' dir='ltr'><strong>a</strong></span> <span class='ocrx_word' id='word_1_195' title='bbox 316 3053 439 3121; x_wconf 87' lang='lat' dir='ltr'><strong>nostra</strong></span> <span class='ocrx_word' id='word_1_196' title='bbox 471 3045 675 3124; x_wconf 78' lang='lat' dir='ltr'><strong>diuersitate.</strong></span> <span class='ocrx_word' id='word_1_197' title='bbox 726 3046 905 3123; x_wconf 90' lang='lat' dir='ltr'><strong>Nonnulla</strong></span> <span class='ocrx_word' id='word_1_198' title='bbox 937 3054 1056 3121; x_wconf 89' lang='lat' dir='ltr'><strong>tamen</strong></span> <span class='ocrx_word' id='word_1_199' title='bbox 1086 3045 1170 3121; x_wconf 91' lang='lat' dir='ltr'><strong>satis</strong></span> <span class='ocrx_word' id='word_1_200' title='bbox 1201 3053 1294 3121; x_wconf 87' lang='lat' dir='ltr'><strong>certa</strong></span> <span class='ocrx_word' id='word_1_201' title='bbox 1328 3052 1421 3121; x_wconf 91' lang='lat' dir='ltr'><strong>sunt.</strong></span> <span class='ocrx_word' id='word_1_202' title='bbox 1472 3045 1530 3121; x_wconf 90' lang='lat' dir='ltr'><strong>Sic</strong></span> <span class='ocrx_word' id='word_1_203' title='bbox 1559 3046 1595 3121; x_wconf 92' lang='lat' dir='ltr'><strong>in</strong></span> <span class='ocrx_word' id='word_1_204' title='bbox 1628 3048 1794 3139; x_wconf 88' lang='lat' dir='ltr'><strong>sacrario,</strong></span> 
     </span>
     <span class='ocr_line' id='line_1_21' title="bbox 259 3166 1795 3267; baseline 0.003 -26"><span class='ocrx_word' id='word_1_205' title='bbox 259 3166 348 3246; x_wconf 86' lang='lat' dir='ltr'><strong>olim</strong></span> <span class='ocrx_word' id='word_1_206' title='bbox 380 3166 619 3258; x_wconf 87' lang='lat' dir='ltr'><strong>tabernaculo,</strong></span> <span class='ocrx_word' id='word_1_207' title='bbox 656 3169 737 3243; x_wconf 92' lang='lat' dir='ltr'><strong>dein</strong></span> <span class='ocrx_word' id='word_1_208' title='bbox 770 3168 902 3267; x_wconf 91' lang='lat' dir='ltr'><strong>templo</strong></span> <span class='ocrx_word' id='word_1_209' title='bbox 932 3166 1272 3266; x_wconf 79' lang='lat' dir='ltr'><strong>Hierosolymitano,</strong></span> <span class='ocrx_word' id='word_1_210' title='bbox 1305 3190 1375 3241; x_wconf 90' lang='lat' dir='ltr'><strong>uon</strong></span> <span class='ocrx_word' id='word_1_211' title='bbox 1405 3166 1498 3265; x_wconf 83' lang='lat' dir='ltr'><strong>regis</strong></span> <span class='ocrx_word' id='word_1_212' title='bbox 1532 3167 1722 3266; x_wconf 85' lang='lat' dir='ltr'><strong>palatium,</strong></span> <span class='ocrx_word' id='word_1_213' title='bbox 1754 3181 1795 3245; x_wconf 93' lang='lat' dir='ltr'><strong>ut</strong></span> 
     </span>
    </p>
   </div>
   <div class='ocr_carea' id='block_1_3' title="bbox 260 3286 1939 3389">
    <p class='ocr_par' dir='ltr' id='par_1_5' title="bbox 260 3286 1939 3389">
     <span class='ocr_line' id='line_1_22' title="bbox 260 3286 1939 3389; baseline 0.003 -26"><span class='ocrx_word' id='word_1_214' title='bbox 260 3287 330 3363; x_wconf 89' lang='lat' dir='ltr'><strong>hoc</strong></span> <span class='ocrx_word' id='word_1_215' title='bbox 353 3286 498 3363; x_wconf 87' lang='lat' dir='ltr'><strong>strictim</strong></span> <span class='ocrx_word' id='word_1_216' title='bbox 521 3313 700 3378; x_wconf 89' lang='lat' dir='ltr'><strong>moneam,</strong></span> <span class='ocrx_word' id='word_1_217' title='bbox 735 3290 798 3365; x_wconf 91' lang='lat' dir='ltr'><strong>sed</strong></span> <span class='ocrx_word' id='word_1_218' title='bbox 821 3290 939 3388; x_wconf 91' lang='lat' dir='ltr'><strong>ipsum</strong></span> <span class='ocrx_word' id='word_1_219' title='bbox 964 3312 1126 3388; x_wconf 89' lang='lat' dir='ltr'><strong>praesens</strong></span> <span class='ocrx_word' id='word_1_220' title='bbox 1154 3289 1224 3362; x_wconf 92' lang='lat' dir='ltr'><strong>Dei</strong></span> <span class='ocrx_word' id='word_1_221' title='bbox 1251 3311 1381 3362; x_wconf 87' lang='lat' dir='ltr'><strong>numen</strong></span> <span class='ocrx_word' id='word_1_222' title='bbox 1405 3286 1506 3386; x_wconf 88' lang='lat' dir='ltr'><strong>qussi</strong></span> <span class='ocrx_word' id='word_1_223' title='bbox 1530 3288 1567 3363; x_wconf 90' lang='lat' dir='ltr'><strong>in</strong></span> <span class='ocrx_word' id='word_1_224' title='bbox 1592 3288 1708 3365; x_wconf 89' lang='lat' dir='ltr'><strong>medio</strong></span> <span class='ocrx_word' id='word_1_225' title='bbox 1733 3315 1793 3389; x_wconf 92' lang='lat' dir='ltr'><strong>po·</strong></span> <span class='ocrx_word' id='word_1_226' title='bbox 1933 3345 1939 3351; x_wconf 93' lang='lat'><em>-</em></span> 
     </span>
    </p>
   </div>
   <div class='ocr_carea' id='block_1_4' title="bbox 259 3407 1800 4831">
    <p class='ocr_par' dir='ltr' id='par_1_6' title="bbox 259 3407 1796 4228">
     <span class='ocr_line' id='line_1_23' title="bbox 259 3407 1794 3510; baseline 0.001 -27"><span class='ocrx_word' id='word_1_227' title='bbox 259 3407 345 3508; x_wconf 89' lang='lat' dir='ltr'><strong>pulo</strong></span> <span class='ocrx_word' id='word_1_228' title='bbox 377 3408 510 3507; x_wconf 82' lang='lat' dir='ltr'><strong>de&#39;gens</strong></span> <span class='ocrx_word' id='word_1_229' title='bbox 539 3409 797 3510; x_wconf 89' lang='lat' dir='ltr'><strong>adspiciebant,</strong></span> <span class='ocrx_word' id='word_1_230' title='bbox 829 3411 867 3485; x_wconf 91' lang='lat' dir='ltr'><strong>in</strong></span> <span class='ocrx_word' id='word_1_231' title='bbox 896 3410 1071 3484; x_wconf 89' lang='lat' dir='ltr'><strong>sacerdote</strong></span> <span class='ocrx_word' id='word_1_232' title='bbox 1100 3408 1275 3497; x_wconf 86' lang='lat' dir='ltr'><strong>maximo,</strong></span> <span class='ocrx_word' id='word_1_233' title='bbox 1300 3408 1470 3482; x_wconf 82' lang='lat' dir='ltr'><strong>ornatiora</strong></span> <span class='ocrx_word' id='word_1_234' title='bbox 1495 3408 1624 3483; x_wconf 86' lang='lat' dir='ltr'><strong>vestitu</strong></span> <span class='ocrx_word' id='word_1_235' title='bbox 1649 3409 1794 3499; x_wconf 89' lang='lat' dir='ltr'><strong>induto,</strong></span> 
     </span>
     <span class='ocr_line' id='line_1_24' title="bbox 261 3528 1795 3631; baseline 0.001 -28"><span class='ocrx_word' id='word_1_236' title='bbox 261 3534 376 3603; x_wconf 88' lang='lat' dir='ltr'><strong>totum</strong></span> <span class='ocrx_word' id='word_1_237' title='bbox 394 3529 567 3628; x_wconf 92' lang='lat' dir='ltr'><strong>populum</strong></span> <span class='ocrx_word' id='word_1_238' title='bbox 589 3532 691 3630; x_wconf 90' lang='lat' dir='ltr'><strong>quasi</strong></span> <span class='ocrx_word' id='word_1_239' title='bbox 706 3532 743 3606; x_wconf 92' lang='lat' dir='ltr'><strong>in</strong></span> <span class='ocrx_word' id='word_1_240' title='bbox 761 3530 874 3606; x_wconf 87' lang='lat' dir='ltr'><strong>unum</strong></span> <span class='ocrx_word' id='word_1_241' title='bbox 890 3530 1136 3618; x_wconf 88' lang='lat' dir='ltr'><strong>coniunctum,</strong></span> <span class='ocrx_word' id='word_1_242' title='bbox 1155 3528 1450 3631; x_wconf 86' lang='lat' dir='ltr'><strong>sanctitatisnots</strong></span> <span class='ocrx_word' id='word_1_243' title='bbox 1460 3528 1657 3628; x_wconf 84' lang='lat' dir='ltr'><strong>insignem,</strong></span> <span class='ocrx_word' id='word_1_244' title='bbox 1677 3529 1795 3605; x_wconf 88' lang='lat' dir='ltr'><strong>Deum</strong></span> 
     </span>
     <span class='ocr_line' id='line_1_25' title="bbox 262 3648 1794 3753; baseline 0 -28"><span class='ocrx_word' id='word_1_245' title='bbox 262 3649 471 3738; x_wconf 86' lang='lat' dir='ltr'><strong>adeuntem,</strong></span> <span class='ocrx_word' id='word_1_246' title='bbox 507 3650 544 3724; x_wconf 90' lang='lat' dir='ltr'><strong>in</strong></span> <span class='ocrx_word' id='word_1_247' title='bbox 577 3652 680 3726; x_wconf 80' lang='lat' dir='ltr'><strong>variis</strong></span> <span class='ocrx_word' id='word_1_248' title='bbox 711 3651 957 3729; x_wconf 88' lang='lat' dir='ltr'><strong>sacrificiorum</strong></span> <span class='ocrx_word' id='word_1_249' title='bbox 988 3650 1175 3753; x_wconf 82' lang='lat' dir='ltr'><strong>generibus</strong></span> <span class='ocrx_word' id='word_1_250' title='bbox 1206 3649 1280 3725; x_wconf 89' lang='lat' dir='ltr'><strong>iam</strong></span> <span class='ocrx_word' id='word_1_251' title='bbox 1311 3650 1476 3725; x_wconf 89' lang='lat' dir='ltr'><strong>honorem</strong></span> <span class='ocrx_word' id='word_1_252' title='bbox 1505 3650 1582 3723; x_wconf 94' lang='lat' dir='ltr'><strong>Deo</strong></span> <span class='ocrx_word' id='word_1_253' title='bbox 1609 3648 1794 3739; x_wconf 89' lang='lat' dir='ltr'><strong>habitum,</strong></span> 
     </span>
     <span class='ocr_line' id='line_1_26' title="bbox 262 3768 1795 3872; baseline 0.002 -30"><span class='ocrx_word' id='word_1_254' title='bbox 262 3768 334 3842; x_wconf 87' lang='lat' dir='ltr'><strong>iam</strong></span> <span class='ocrx_word' id='word_1_255' title='bbox 357 3774 500 3866; x_wconf 80' lang='lat' dir='ltr'><strong>gratum</strong></span> <span class='ocrx_word' id='word_1_256' title='bbox 525 3794 608 3870; x_wconf 81' lang='lat' dir='ltr'><strong>erga</strong></span> <span class='ocrx_word' id='word_1_257' title='bbox 629 3771 747 3846; x_wconf 89' lang='lat' dir='ltr'><strong>Deum</strong></span> <span class='ocrx_word' id='word_1_258' title='bbox 770 3773 928 3847; x_wconf 89' lang='lat' dir='ltr'><strong>animum</strong></span> <span class='ocrx_word' id='word_1_259' title='bbox 950 3797 1014 3872; x_wconf 90' lang='lat' dir='ltr'><strong>pro</strong></span> <span class='ocrx_word' id='word_1_260' title='bbox 1036 3771 1233 3858; x_wconf 85' lang='lat' dir='ltr'><strong>beneficiis,</strong></span> <span class='ocrx_word' id='word_1_261' title='bbox 1257 3770 1328 3845; x_wconf 90' lang='lat' dir='ltr'><strong>iam</strong></span> <span class='ocrx_word' id='word_1_262' title='bbox 1353 3777 1493 3869; x_wconf 75' lang='lat' dir='ltr'><strong>peccata</strong></span> <span class='ocrx_word' id='word_1_263' title='bbox 1516 3769 1631 3845; x_wconf 88' lang='lat' dir='ltr'><strong>deleta</strong></span> <span class='ocrx_word' id='word_1_264' title='bbox 1651 3780 1687 3845; x_wconf 86' lang='lat' dir='ltr'><strong>ct</strong></span> <span class='ocrx_word' id='word_1_265' title='bbox 1710 3771 1795 3845; x_wconf 91' lang='lat' dir='ltr'><strong>ami·</strong></span> 
     </span>
     <span class='ocr_line' id='line_1_27' title="bbox 263 3886 1796 3992; baseline 0.003 -30"><span class='ocrx_word' id='word_1_266' title='bbox 263 3886 382 3963; x_wconf 91' lang='lat' dir='ltr'><strong>citiam</strong></span> <span class='ocrx_word' id='word_1_267' title='bbox 419 3913 501 3963; x_wconf 88' lang='lat' dir='ltr'><strong>cum</strong></span> <span class='ocrx_word' id='word_1_268' title='bbox 537 3891 616 3965; x_wconf 84' lang='lat' dir='ltr'><strong>Deo</strong></span> <span class='ocrx_word' id='word_1_269' title='bbox 652 3890 942 3992; x_wconf 81' lang='lat' dir='ltr'><strong>redintegratam,</strong></span> <span class='ocrx_word' id='word_1_270' title='bbox 976 3894 1013 3967; x_wconf 94' lang='lat' dir='ltr'><strong>in</strong></span> <span class='ocrx_word' id='word_1_271' title='bbox 1047 3891 1135 3967; x_wconf 89' lang='lat' dir='ltr'><strong>cibis</strong></span> <span class='ocrx_word' id='word_1_272' title='bbox 1173 3890 1308 3979; x_wconf 82' lang='lat' dir='ltr'><strong>vetitis,</strong></span> <span class='ocrx_word' id='word_1_273' title='bbox 1342 3890 1380 3965; x_wconf 93' lang='lat' dir='ltr'><strong>in</strong></span> <span class='ocrx_word' id='word_1_274' title='bbox 1417 3890 1590 3965; x_wconf 88' lang='lat' dir='ltr'><strong>munditie</strong></span> <span class='ocrx_word' id='word_1_275' title='bbox 1626 3890 1796 3989; x_wconf 89' lang='lat' dir='ltr'><strong>corporis,</strong></span> 
     </span>
     <span class='ocr_line' id='line_1_28' title="bbox 264 4007 1796 4111; baseline 0.004 -30"><span class='ocrx_word' id='word_1_276' title='bbox 264 4007 436 4098; x_wconf 81' lang='lat' dir='ltr'><strong>restium,</strong></span> <span class='ocrx_word' id='word_1_277' title='bbox 456 4009 647 4099; x_wconf 90' lang='lat' dir='ltr'><strong>domuum,</strong></span> <span class='ocrx_word' id='word_1_278' title='bbox 666 4012 704 4085; x_wconf 91' lang='lat' dir='ltr'><strong>in</strong></span> <span class='ocrx_word' id='word_1_279' title='bbox 727 4012 1011 4103; x_wconf 76' lang='lat' dir='ltr'><strong>lustrationibus,</strong></span> <span class='ocrx_word' id='word_1_280' title='bbox 1031 4012 1108 4087; x_wconf 87' lang='lat' dir='ltr'><strong>aliis</strong></span> <span class='ocrx_word' id='word_1_281' title='bbox 1129 4009 1251 4086; x_wconf 90' lang='lat' dir='ltr'><strong>multis</strong></span> <span class='ocrx_word' id='word_1_282' title='bbox 1271 4011 1488 4086; x_wconf 77' lang='lat' dir='ltr'><strong>sanctitatem</strong></span> <span class='ocrx_word' id='word_1_283' title='bbox 1511 4036 1582 4111; x_wconf 87' lang='lat' dir='ltr'><strong>qua</strong></span> <span class='ocrx_word' id='word_1_284' title='bbox 1603 4036 1640 4085; x_wconf 92' lang='lat' dir='ltr'><strong>se</strong></span> <span class='ocrx_word' id='word_1_285' title='bbox 1658 4020 1796 4087; x_wconf 88' lang='lat' dir='ltr'><strong>ornatos</strong></span> 
     </span>
     <span class='ocr_line' id='line_1_29' title="bbox 266 4130 798 4228; baseline 0.013 -27"><span class='ocrx_word' id='word_1_286' title='bbox 266 4134 302 4202; x_wconf 91' lang='lat' dir='ltr'><strong>et</strong></span> <span class='ocrx_word' id='word_1_287' title='bbox 321 4130 528 4228; x_wconf 88' lang='lat' dir='ltr'><strong>conspicuos</strong></span> <span class='ocrx_word' id='word_1_288' title='bbox 551 4156 627 4207; x_wconf 86' lang='lat' dir='ltr'><strong>esse</strong></span> <span class='ocrx_word' id='word_1_289' title='bbox 650 4132 798 4209; x_wconf 88' lang='lat' dir='ltr'><strong>deceret.</strong></span> 
     </span>
    </p>

    <p class='ocr_par' dir='ltr' id='par_1_7' title="bbox 270 4248 1800 4831">
     <span class='ocr_line' id='line_1_30' title="bbox 315 4248 1798 4351; baseline 0.003 -30"><span class='ocrx_word' id='word_1_290' title='bbox 315 4249 445 4347; x_wconf 88' lang='lat' dir='ltr'><strong>Itaque</strong></span> <span class='ocrx_word' id='word_1_291' title='bbox 468 4250 692 4327; x_wconf 87' lang='lat' dir='ltr'><strong>haecomnia</strong></span> <span class='ocrx_word' id='word_1_292' title='bbox 714 4252 872 4351; x_wconf 85' lang='lat' dir='ltr'><strong>quamvis</strong></span> <span class='ocrx_word' id='word_1_293' title='bbox 897 4260 1055 4327; x_wconf 87' lang='lat' dir='ltr'><strong>accurate</strong></span> <span class='ocrx_word' id='word_1_294' title='bbox 1077 4260 1112 4325; x_wconf 88' lang='lat' dir='ltr'><strong>ct</strong></span> <span class='ocrx_word' id='word_1_295' title='bbox 1132 4275 1205 4326; x_wconf 92' lang='lat' dir='ltr'><strong>non</strong></span> <span class='ocrx_word' id='word_1_296' title='bbox 1228 4250 1302 4324; x_wconf 89' lang='lat' dir='ltr'><strong>sine</strong></span> <span class='ocrx_word' id='word_1_297' title='bbox 1325 4248 1476 4346; x_wconf 84' lang='lat' dir='ltr'><strong>quedam</strong></span> <span class='ocrx_word' id='word_1_298' title='bbox 1498 4248 1681 4323; x_wconf 88' lang='lat' dir='ltr'><strong>severitate</strong></span> <span class='ocrx_word' id='word_1_299' title='bbox 1700 4273 1798 4348; x_wconf 92' lang='lat' dir='ltr'><strong>prae·</strong></span> 
     </span>
     <span class='ocr_line' id='line_1_31' title="bbox 270 4367 1800 4474; baseline -0.002 -27"><span class='ocrx_word' id='word_1_300' title='bbox 270 4370 397 4470; x_wconf 83' lang='lat' dir='ltr'><strong>scripte</strong></span> <span class='ocrx_word' id='word_1_301' title='bbox 416 4371 530 4446; x_wconf 89' lang='lat' dir='ltr'><strong>multo</strong></span> <span class='ocrx_word' id='word_1_302' title='bbox 549 4371 666 4447; x_wconf 90' lang='lat' dir='ltr'><strong>minus</strong></span> <span class='ocrx_word' id='word_1_303' title='bbox 686 4379 826 4474; x_wconf 84' lang='lat' dir='ltr'><strong>propter</strong></span> <span class='ocrx_word' id='word_1_304' title='bbox 845 4396 882 4445; x_wconf 89' lang='lat' dir='ltr'><strong>se</strong></span> <span class='ocrx_word' id='word_1_305' title='bbox 901 4371 978 4470; x_wconf 88' lang='lat' dir='ltr'><strong>ipsa</strong></span> <span class='ocrx_word' id='word_1_306' title='bbox 995 4389 1101 4470; x_wconf 84' lang='lat' dir='ltr'><strong>quam</strong></span> <span class='ocrx_word' id='word_1_307' title='bbox 1119 4378 1261 4470; x_wconf 91' lang='lat' dir='ltr'><strong>propter</strong></span> <span class='ocrx_word' id='word_1_308' title='bbox 1278 4368 1314 4441; x_wconf 92' lang='lat' dir='ltr'><strong>id</strong></span> <span class='ocrx_word' id='word_1_309' title='bbox 1334 4367 1428 4466; x_wconf 93' lang='lat' dir='ltr'><strong>quod</strong></span> <span class='ocrx_word' id='word_1_310' title='bbox 1443 4368 1687 4467; x_wconf 83' lang='lat' dir='ltr'><strong>significabant</strong></span> <span class='ocrx_word' id='word_1_311' title='bbox 1701 4380 1800 4445; x_wconf 87' lang='lat' dir='ltr'><strong>erant</strong></span> 
     </span>
     <span class='ocr_line' id='line_1_32' title="bbox 271 4488 1800 4595; baseline 0.001 -31"><span class='ocrx_word' id='word_1_312' title='bbox 271 4498 402 4565; x_wconf 87' lang='lat' dir='ltr'><strong>statuta</strong></span> <span class='ocrx_word' id='word_1_313' title='bbox 428 4491 650 4591; x_wconf 86' lang='lat' dir='ltr'><strong>eandemque</strong></span> <span class='ocrx_word' id='word_1_314' title='bbox 677 4518 718 4568; x_wconf 85' lang='lat' dir='ltr'><strong>cc</strong></span> <span class='ocrx_word' id='word_1_315' title='bbox 750 4493 883 4591; x_wconf 86' lang='lat' dir='ltr'><strong>reliqua</strong></span> <span class='ocrx_word' id='word_1_316' title='bbox 911 4492 1029 4568; x_wconf 89' lang='lat' dir='ltr'><strong>omnia</strong></span> <span class='ocrx_word' id='word_1_317' title='bbox 1051 4492 1184 4591; x_wconf 85' lang='lat' dir='ltr'><strong>spirent</strong></span> <span class='ocrx_word' id='word_1_318' title='bbox 1209 4488 1361 4564; x_wconf 92' lang='lat' dir='ltr'><strong>indolem</strong></span> <span class='ocrx_word' id='word_1_319' title='bbox 1388 4489 1564 4565; x_wconf 79' lang='lat' dir='ltr'><strong>moralem.</strong></span> <span class='ocrx_word' id='word_1_320' title='bbox 1601 4489 1662 4595; x_wconf 25' lang='lat' dir='ltr'><strong>&#39;Et</strong></span> <span class='ocrx_word' id='word_1_321' title='bbox 1683 4490 1800 4567; x_wconf 88' lang='lat' dir='ltr'><strong>omnis</strong></span> 
     </span>
     <span class='ocr_line' id='line_1_33' title="bbox 272 4595 1799 4710; baseline 0.001 -27"><span class='ocrx_word' id='word_1_322' title='bbox 272 4607 376 4683; x_wconf 72' lang='lat' dir='ltr'><strong>amul</strong></span> <span class='ocrx_word' id='word_1_323' title='bbox 395 4608 596 4707; x_wconf 87' lang='lat' dir='ltr'><strong>conspirant</strong></span> <span class='ocrx_word' id='word_1_324' title='bbox 617 4610 666 4686; x_wconf 87' lang='lat' dir='ltr'><strong>ad</strong></span> <span class='ocrx_word' id='word_1_325' title='bbox 691 4595 839 4710; x_wconf 83' lang='lat' dir='ltr'><strong>regnum</strong></span> <span class='ocrx_word' id='word_1_326' title='bbox 859 4608 949 4684; x_wconf 92' lang='lat' dir='ltr'><strong>illud</strong></span> <span class='ocrx_word' id='word_1_327' title='bbox 969 4610 1146 4699; x_wconf 87' lang='lat' dir='ltr'><strong>divinum,</strong></span> <span class='ocrx_word' id='word_1_328' title='bbox 1172 4609 1269 4707; x_wconf 90' lang='lat' dir='ltr'><strong>quod</strong></span> <span class='ocrx_word' id='word_1_329' title='bbox 1293 4609 1480 4685; x_wconf 88' lang='lat' dir='ltr'><strong>theocratia</strong></span> <span class='ocrx_word' id='word_1_330' title='bbox 1502 4617 1576 4685; x_wconf 84' lang='lat' dir='ltr'><strong>erat</strong></span> <span class='ocrx_word' id='word_1_331' title='bbox 1597 4609 1799 4699; x_wconf 88' lang='lat' dir='ltr'><strong>conditum,</strong></span> 
     </span>
     <span class='ocr_line' id='line_1_34' title="bbox 273 4728 1694 4831; baseline 0.001 -27"><span class='ocrx_word' id='word_1_332' title='bbox 273 4728 573 4819; x_wconf 87' lang='lat' dir='ltr'><strong>confirmandum,</strong></span> <span class='ocrx_word' id='word_1_333' title='bbox 599 4730 867 4819; x_wconf 87' lang='lat' dir='ltr'><strong>stabiliendum,</strong></span> <span class='ocrx_word' id='word_1_334' title='bbox 892 4730 1151 4831; x_wconf 83' lang='lat' dir='ltr'><strong>perficiendum.</strong></span> <span class='ocrx_word' id='word_1_335' title='bbox 1691 4734 1694 4741; x_wconf 82' lang='lat'>&#39;</span> 
     </span>
    </p>
   </div>
   <div class='ocr_carea' id='block_1_5' title="bbox 319 4847 1802 4957">
    <p class='ocr_par' dir='ltr' id='par_1_8' title="bbox 319 4847 1802 4957">
     <span class='ocr_line' id='line_1_35' title="bbox 319 4847 1802 4957; baseline 0 -35"><span class='ocrx_word' id='word_1_336' title='bbox 319 4847 403 4926; x_wconf 88' lang='lat' dir='ltr'><strong>Non</strong></span> <span class='ocrx_word' id='word_1_337' title='bbox 422 4848 566 4947; x_wconf 84' lang='lat' dir='ltr'><strong>ignoro,</strong></span> <span class='ocrx_word' id='word_1_338' title='bbox 589 4850 800 4957; x_wconf 68' lang='lat' dir='ltr'><strong>Auditores,</strong></span> <span class='ocrx_word' id='word_1_339' title='bbox 831 4875 907 4930; x_wconf 87' lang='lat' dir='ltr'><strong>esse</strong></span> <span class='ocrx_word' id='word_1_340' title='bbox 937 4850 1110 4950; x_wconf 82' lang='lat' dir='ltr'><strong>quaedam</strong></span> <span class='ocrx_word' id='word_1_341' title='bbox 1146 4875 1236 4950; x_wconf 87' lang='lat' dir='ltr'><strong>quae</strong></span> <span class='ocrx_word' id='word_1_342' title='bbox 1273 4849 1450 4927; x_wconf 88' lang='lat' dir='ltr'><strong>nonnullis</strong></span> <span class='ocrx_word' id='word_1_343' title='bbox 1484 4850 1665 4925; x_wconf 79' lang='lat' dir='ltr'><strong>videantur</strong></span> <span class='ocrx_word' id='word_1_344' title='bbox 1699 4848 1802 4923; x_wconf 87' lang='lat' dir='ltr'><strong>dictis</strong></span> 
     </span>
    </p>
   </div>
   <div class='ocr_carea' id='block_1_6' title="bbox 0 0 2510 6164">
    <p class='ocr_par' dir='ltr' id='par_1_9' title="bbox 0 0 2510 6164">
     <span class='ocr_line' id='line_1_36' title="bbox 0 0 2510 6164; baseline 0 0"><span class='ocrx_word' id='word_1_345' title='bbox 0 0 2510 6164; x_wconf 95' lang='lat' dir='ltr'><strong> </strong></span> 
     </span>
    </p>
   </div>
  </div>
 </body>
</html>
