4959 6175
695 646 738 714 86
1292 645 1327 717 Ρ.
1362 645 1609 716 llllll'lNG

691 856 856 933 mandata
874 861 928 930 est
946 853 1110 954 Collegiis
1128 853 1359 945 (iuratorum,
1384 881 1531 956 quorum
1554 858 1626 947 illi,
1650 857 1745 958 quod
1768 857 1978 934 Academiae
2000 859 2209 938 Traiectinae

690 977 796 1053 rebus
819 975 1046 1076 prospiceret,
1070 981 1112 1049 nt
1135 997 1325 1052 suranus
1349 976 1393 1052 ab
1417 977 1517 1051 Actis
1541 983 1651 1066 emat,
1676 976 1767 1077 Regi
1790 977 1931 1077 placuit.

736 1098 866 1194 Ecquis
887 1120 929 1171 eo
952 1119 1094 1170 munere
1117 1095 1255 1196 dignior
1284 1095 1465 1204 aptiorque
1489 1095 1534 1172 ad
1555 1096 1644 1172 illud
1666 1121 1804 1173 summa
1826 1121 1907 1172 cum
1928 1097 1999 1172 fide
2020 1099 2208 1198 gerendum

686 1216 756 1317 lagi
789 1215 980 1317 potuisset,
1011 1215 1150 1290 difficile
1179 1216 1288 1292 dictu.
1337 1217 1405 1290 Per
1435 1216 1616 1292 biennium
1642 1240 1852 1306 aureuma,
1877 1217 2050 1318 quidquid
2074 1219 2111 1294 in
2136 1219 2209 1321 ipso

581 1337 584 1340 ’
687 1338 810 1412 virium
842 1347 948 1436 atque
980 1360 1164 1412 nervorum
1194 1343 1289 1424 erat,
1326 1335 1473 1412 contulit
1505 1338 1550 1412 ad
1587 1337 1783 1413 carissimae
1817 1335 2027 1412 Academica
2062 1339 2207 1430 salutem

685 1458 964 1558 promovendam.
1012 1458 1144 1534 Exacto
1167 1465 1285 1532 autem
1311 1456 1376 1532 hoo
1407 1457 1572 1558 temporis
1603 1457 1731 1556 spatio,
1765 1457 1906 1556 Hagam
1935 1457 2108 1534 Comitum
2140 1467 2206 1534 tra·

686 1579 814 1654 ductus
837 1587 891 1652 est
913 1576 949 1651 in
971 1577 1173 1676 ampliorem
1201 1576 1432 1676 provinciam,
1458 1601 1548 1676 quae
1570 1577 1779 1653 uberrimam
1807 1576 1839 1649 ai
1866 1576 2044 1654 universae
2069 1579 2205 1654 institu-

686 1699 790 1773 tionis
816 1696 965 1774 tuendae
988 1697 1283 1795 opportunitatem
1307 1695 1497 1794 praeberet
1601 1775 1602 1780 ,

732 1818 871 1894 Scilicet
889 1839 981 1892 anno
1006 1818 1099 1891 1817
1122 1815 1247 1914 Hsgae
1269 1823 1383 1913 perles
1406 1815 1715 1890 administrationis
1739 1816 1900 1916 publicae
1922 1817 1971 1892 ila
1992 1827 2206 1917 comparatae

682 1948 800 2027 erant,
836 1946 876 2012 ut
908 1944 1087 2035 separatus
1122 1935 1159 2010 in
1193 1935 1237 2008 iis
1269 1935 1366 2040 locus
1401 1945 1492 2010 esset
1522 1938 1761 2026 Institutioni,
1785 1939 1927 2013 Artibus
1953 1944 1989 2012 at
2020 1939 2203 2016 Doctriuir.

682 2059 777 2135 Huic
810 2057 901 2159 parti
936 2056 1130 2158 praefectus
1164 2065 1238 2130 erat
1273 2055 1336 2130 Vir
1370 2057 1618 2156 Amplissimos
1652 2079 1843 2132 musanus
1870 2080 1944 2131 vau
1974 2081 2108 2146 cursu,
2134 2059 2206 2134 eius

680 2189 797 2256 autem
827 2177 961 2254 scriniis
986 2175 1203 2276 praepositus
1226 2183 1280 2252 est
1303 2199 1504 2253 auronius.
1553 2178 1620 2252 Illo
1644 2178 1763 2277 itaque
1785 2185 1940 2278 tempora
1962 2203 2022 2267 ea,
2047 2205 2138 2279 quaa
2162 2180 2205 2255 sd

680 2302 808 2377 civium
837 2297 969 2398 ingenii
993 2295 1170 2395 animique
1201 2287 1336 2372 cultum
1361 2297 1635 2396 promovendum
1659 2297 1854 2396 pertinent,
1891 2323 1994 2374 suum
2020 2300 2087 2375 sibi
2110 2323 2205 2399 prae.

679 2421 808 2496 lectum
847 2417 1022 2518 postulem
1055 2415 1305 2492 censebantur.¹
1345 2416 1476 2493 Verum
1508 2425 1626 2494 tumen
1659 2419 1752 2493 insto
1785 2417 1930 2494 celerius
1959 2419 2003 2494 da
2032 2420 2097 2495 hac
2129 2445 2240 2518 sen·w

679 2541 787 2616 tentia
820 2540 1001 2614 decessum
1034 2543 1108 2625 est,
1144 2546 1181 2611 et
1210 2561 1266 2612 res
1296 2537 1425 2611 sensim
1455 2538 1693 2638 paulatimque
1717 2538 1754 2612 in
1779 2563 1860 2614 eum
1888 2539 2030 2639 delapsa
2054 2549 2202 2629 statum,

678 2687 749 2760 quo
773 2661 845 2736 iam
870 2685 891 2734 a
914 2656 1034 2732 multis
1058 2656 1160 2732 annis
1182 2657 1337 2746 utimur,
1362 2665 1399 2732 et
1423 2659 1583 2733 uniuersa
1605 2656 1801 2747 institutio,
1836 2659 2036 2760 appendicis
2059 2659 2202 2735 alicuius

677 2784 787 2858 instar
817 2779 936 2855 additu
968 2801 1071 2852 curae
1103 2777 1243 2852 illorum
1278 2775 1440 2852 Virorum
1472 2777 1868 2868 Excellentissimorum,
1907 2779 1970 2879 qui
2002 2779 2091 2879 regii
2122 2789 2203 2856 sunt

582 2915 588 2924 '
677 2927 793 2977 rerum
826 2899 925 2998 regni
956 2896 1223 2972 domesticarum
1259 2897 1431 2996 praelecti.
1482 2901 1559 2974 Iam
1596 2897 1755 2998 sequenti
1784 2921 1875 2974 anno
1902 2901 2030 2992 (1818)
2058 2898 2200 2974 titulum

677 3028 813 3097 mutare
848 3018 962 3095 visum
994 3024 1063 3106 est,
1097 3016 1149 3092 ita
1175 3025 1218 3093 ut
1244 3019 1484 3119 loquerenturr
1526 3021 1760 3095 Minister-iuss
1785 3022 2008 3097 rutilationis
2025 3015 2199 3120 publicus,

677 3144 867 3217 industriae
890 3141 1041 3215 wionis
1065 3140 1242 3214 animae
1266 3149 1302 3217 et
1324 3136 1552 3229 coloniarum,
1576 3139 1707 3240 inqua
1730 3164 1846 3215 rerum
1872 3140 2085 3215 diversarum
2109 3162 2199 3215 com·

677 3263 843 3337 mixtione
877 3261 1030 3360 primum
1065 3258 1208 3358 quidem
1239 3260 1354 3336 locum
1380 3261 1521 3337 tenebat
1546 3260 1741 3350 institutio,
1772 3260 1835 3336 sed
1866 3260 1962 3335 nulla
1993 3282 2199 3360 magnopere

677 3383 864 3483 sagacitate
882 3388 1067 3481 opuserat
1087 3380 1133 3455 ed
1157 3380 1423 3480 suspicandum,
1447 3379 1511 3468 iis,
1536 3402 1626 3479 quae
1646 3403 1726 3454 cum
1749 3387 1890 3454 externa
1909 3378 2038 3455 ciuium
2061 3402 2198 3479 prospe·

676 3502 777 3578 ritate
807 3502 1043 3588 cohaererent,
1076 3500 1174 3575 brevi
1204 3499 1334 3598 primas
1369 3507 1485 3599 partes
1514 3522 1717 3574 cancamum
1751 3498 1805 3575 iri.
1854 3498 1913 3573 Ad
1946 3522 2079 3574 annum
2107 3500 2199 3573 1884

674 3646 852 3712 auream,
881 3646 923 3696 eo
955 3643 1061 3720 quern
1086 3618 1160 3695 diri
1182 3618 1286 3693 titulo
1307 3619 1437 3707 ornati,
1463 3642 1547 3695 cura
1574 3618 1612 3693 in
1639 3617 1693 3693 his
1717 3618 1820 3693 rebus
1843 3628 1977 3695 versata
1998 3626 2072 3707 est,
2097 3618 2196 3691 Prae·

672 3743 763 3817 uoto
795 3766 915 3816 earum
946 3739 1031 3813 Viso
1066 3738 1217 3838 Egregio
1249 3762 1409 3814 runcano
1443 3760 1828 3829 unmnsunossc013
1863 3739 1926 3840 qui
1961 3763 2073 3840 quum
2106 3752 2197 3815 anno
2305 3792 2308 3799 ⁴

675 3863 770 3935 1820
803 3858 1031 3934 Vindobouee
1066 3867 1103 3931 et
1134 3861 1349 3933 anu01824
1381 3858 1533 3933 londiui
1554 3859 1690 3957 legatus
1716 3860 1877 3959 degeret,
1915 3860 1971 3935 bis
2004 3880 2194 3937 auronius

625 4045 628 4050 ,
672 3979 782 4079 ipsius
819 3978 883 4052 diu
912 3976 1067 4052 absentis
1090 3977 1205 4052 officia
1232 3986 1417 4055 exsecutus
1449 3987 1521 4067 est;
1555 4002 1646 4077 quae
1675 3980 1816 4079 quidem
1849 4004 1905 4055 res
1933 4006 1975 4056 eo
2004 3981 2115 4056 tutius
2146 3978 2196 4053 illi

673 4096 829 4174 mandari
870 4097 1009 4197 potuit,
1052 4118 1124 4195 quo
1163 4094 1273 4195 plrnis
1313 4098 1389 4197 ipse
1427 4095 1575 4173 leniebat
1612 4120 1764 4173 ιιιοιιι
1814 4097 1858 4173 de
1903 4100 2010 4175 rebus
2048 4096 2195 4201 politicis

673 4219 890 4294 senentiam.

719 4340 824 4415 Anno
855 4342 950 4415 1824
982 4337 1067 4415 haec
1099 4337 1408 4415 administrationis
1438 4338 1597 4439 publicae
1621 4362 1701 4438 pars
1727 4338 1892 4441 abrogata
1917 4348 1957 4416 et
1979 4364 2105 4415 nomen
2128 4340 2191 4413 Iu·
2239 4372 2241 4377 ·

670 4462 855 4535 stitutionis
885 4458 1062 4536 sublatum
1088 4466 1143 4535 est
1166 4484 1210 4534 ex
1232 4460 1352 4535 Indica
1378 4458 1580 4548 nominum,
1605 4457 1734 4559 quibus
1757 4460 1870 4535 suriae
1893 4460 2000 4535 huius
2026 4458 2190 4536 adminis-

670 4580 826 4655 trationis
858 4589 974 4679 partes
1003 4580 1250 4680 insigniuntur.
1301 4580 1349 4655 Et
1376 4582 1455 4681 ipsa
1480 4581 1623 4681 quidem
1651 4578 1758 4655 relata
1790 4589 1843 4657 est
1867 4580 1914 4656 sd
1933 4580 2191 4657 Praefecturam

669 4724 783 4775 rerum
816 4700 916 4799 regni
939 4699 1226 4787 domesticarum,
1259 4700 1308 4775 ite
1330 4710 1446 4776 tamen
1469 4700 1724 4790 stauracius,
1750 4701 1879 4802 quippe
1901 4702 2065 4801 peculiari
2089 4724 2187 4776 man·

668 4822 749 4896 data
772 4820 1009 4920 magistratui,
1042 4819 1167 4895 iustam
1196 4822 1323 4922 agendi
1344 4822 1535 4899 libertatem
1557 4822 1700 4897 minima
1727 4822 1909 4899 omitteret
1965 4822 2035 4899 Hic
2057 4820 2190 4921 Megis-
2256 4866 2260 4873 ·
