4959 6175
923 685 1206 759 ouar10.
1762 691 1831 762 163

294 907 399 976 nacta
434 909 489 975 est
518 901 615 976 omni
641 907 798 1000 tempora
822 897 1070 988 admiratores,
1103 917 1168 974 nee
1191 905 1309 974 tamen
1331 919 1461 1000 paucos
1489 898 1615 974 babuit
1645 898 1708 998 qui
1731 896 1770 974 in
1791 923 1833 977 ea

289 1021 386 1098 alius
408 1020 506 1098 aliud
528 1019 831 1120 reprehenderent.
881 1021 980 1096 Inter
1002 1041 1091 1119 quos
1115 1041 1238 1097 omnen
1265 1041 1377 1120 quum
1400 1018 1604 1120 paucissimi
1631 1026 1724 1094 recte
1751 1041 1829 1119 per·

295 1140 450 1241 spexisse
471 1139 655 1216 videantur
675 1163 765 1242 quae
789 1161 885 1218 nuno
906 1141 952 1216 de
972 1163 1015 1216 ea
1034 1140 1250 1241 praedicavi,
1276 1140 1362 1216 baec
1383 1139 1488 1240 paulo
1510 1137 1653 1216 uberius
1677 1147 1827 1239 pertrac-

293 1271 369 1338 tare
387 1263 475 1338 mibi
497 1262 610 1340 liceat.

342 1382 524 1460 Nimirum
545 1383 728 1459 nofissirna
750 1392 805 1459 est
823 1389 861 1458 et
879 1383 975 1484 apud
994 1405 1116 1459 omnen
1136 1382 1208 1456 lere
1229 1389 1368 1482 recepte
1384 1383 1475 1482 'legia
1502 1379 1678 1459 Moesicae
1698 1384 1735 1459 iu
1756 1391 1828 1460 tres

165 1537 170 1542 ·
295 1512 432 1604 partes,
454 1505 639 1595 moralem,
656 1504 811 1594 civilem,
831 1503 1108 1582 morimonialem
1130 1502 1274 1592 munio,
1294 1525 1402 1602 quam
1416 1510 1532 1578 tamen
1551 1506 1593 1578 ut
1607 1503 1644 1577 in
1657 1504 1827 1603 antiquis·

293 1623 396 1699 simis
429 1623 666 1700 monumentis
696 1625 904 1724 neutiquam
932 1625 1124 1716 indicatur,
1157 1646 1353 1723 numquam
1384 1623 1472 1698 mibi
1502 1623 1674 1724 placuisse
1705 1623 1825 1702 fateor.
1880 1708 1882 1721 ‚

292 1743 389 1818 Nam
406 1750 448 1818 ut
470 1743 744 1843 praetermittam
764 1743 1008 1820 difficillimum
1033 1767 1136 1844 saepe
1161 1767 1258 1842 esse,
1284 1739 1314 1826 si
1339 1743 1457 1845 ipsum
1480 1745 1600 1844 legum
1625 1751 1828 1821 mntertnm

292 1863 565 1964 perlustremns,
599 1864 666 1939 tria
691 1863 751 1939 illa
779 1884 908 1963 genera
942 1887 963 1939 a
999 1889 1038 1939 se
1069 1864 1219 1943 inu’cem
1250 1863 1487 1965 distinguere,
1524 1871 1561 1939 et
1592 1863 1828 1942 obedientiam

291 1983 487 2086 praeceptis
513 1981 675 2060 civilibus
698 2007 789 2084 quae
812 1984 978 2060 dicuntur
1001 1985 1088 2062 iisne
1111 2009 1202 2085 qnae
1223 1985 1326 2062 unice
1348 1985 1573 2062 caerimoniae
1597 1992 1751 2086 spectare
1773 1987 1827 2064 iu·

290 2104 455 2180 dicantur
488 2101 692 2204 praestitam
728 2103 801 2180 iam
833 2106 962 2181 morale
990 2105 1077 2207 quid
1097 2130 1193 2196 essa,
1219 2107 1314 2182 unde
1337 2129 1477 2206 quoque
1501 2107 1564 2182 fiet
1586 2114 1626 2182 ut
1649 2106 1829 2184 Israelitae
1913 2147 1915 2152 ·

290 2225 339 2300 ad
360 2233 510 2325 utraque
534 2225 751 2300 observanda
774 2226 975 2326 saepissime
1001 2227 1217 2327 argumentis
1239 2227 1430 2303 moralibus
1454 2227 1663 2318 incitentur,
1688 2228 1754 2304 hoc
1773 2228 1827 2305 in·

290 2345 415 2445 primis
451 2343 542 2421 milri
578 2346 773 2446 urgendum
809 2346 965 2436 videtur,
1009 2348 1128 2424 omnia
1158 2347 1219 2423 illa
1251 2347 1437 2424 cuiuslibet
1471 2345 1608 2448 generis
1645 2355 1829 2450 praecepta
1926 2371 1928 2376 ·

291 2465 406 2542 multo
435 2465 556 2541 minus
588 2476 748 2542 externas
771 2466 924 2544 actiones
951 2476 1107 2568 spectare
1131 2493 1238 2568 quam
1263 2468 1419 2543 internos
1441 2467 1550 2542 animi
1578 2489 1701 2544 sensus
1722 2469 1829 2544 adeo·

289 2608 361 2687 qne
393 2595 508 2663 totam
545 2587 679 2687 legem,
716 2609 807 2687 qnae
841 2609 921 2664 rere
953 2611 1025 2664 una
1047 2596 1101 2665 est
1124 2611 1307 2690 unumque
1330 2590 1440 2692 spirat
1463 2585 1643 2680 animum,
1676 2587 1830 2666 indolem

291 2707 421 2784 babere
447 2707 592 2784 omnino
617 2707 793 2784 moralem.

200 2893 205 2900 .
337 2829 477 2905 Mirum
509 2828 656 2904 souerse
681 2827 816 2904 accidet
839 2828 961 2904 multis
985 2828 1051 2904 boc
1071 2829 1115 2904 de
1140 2828 1201 2906 illa
1223 2829 1302 2932 lege
1325 2823 1516 2917 iudicium,
1549 2848 1662 2928 quum
1690 2837 1827 2917 contra,

290 2951 359 3026 ubi
391 2975 470 3026 eam
502 2949 679 3051 religionis
710 2949 832 3024 habita
861 2948 994 3024 ratione
1023 2947 1263 3037 considerant,
1296 2946 1362 3023 hoo
1383 2945 1605 3047 potissimum
1627 2946 1664 3022 in
1688 2969 1730 3022 ea
1754 2946 1827 3024 eul-
1861 2957 1889 3012 .“

290 3070 455 3172 pandum
481 3069 653 3161 habeant,
678 3070 775 3170 quod
798 3069 855 3146 lex
881 3068 948 3160 nit,
972 3069 1104 3170 quippe
1128 3092 1220 3169 quae
1243 3090 1314 3145 non
1339 3068 1452 3168 possit
1475 3066 1545 3143 nisi
1570 3065 1700 3169 agendi
1724 3065 1827 3144 ratio·

289 3215 376 3267 nem
398 3190 647 3291 praescribere,
671 3192 781 3268 animi
808 3214 888 3267 vero
909 3188 1108 3265 affectiones
1132 3188 1282 3265 intectas
1307 3188 1500 3265 necessario
1526 3188 1629 3265 sinet.
1678 3188 1726 3263 ut
1749 3208 1828 3287 par·

288 3310 357 3387 tim
380 3313 525 3413 quidem
548 3311 737 3389 verissime.
785 3311 879 3387 Nam
900 3318 941 3387 ut
959 3312 1097 3387 animus
1114 3310 1161 3389 ad
1179 3309 1315 3387 bonnm
1336 3311 1594 3409 honestumque
1610 3308 1827 3409 impellatur,

286 3434 396 3510 verba
420 3434 510 3509 nibil
534 3433 669 3523 valent,
702 3433 804 3510 lacfis
827 3457 917 3532 opus
940 3439 995 3508 est
1018 3456 1108 3532 quae
1133 3456 1197 3508 sua
1222 3431 1259 3506 vi
1280 3422 1585 3531 bominem'agant
1609 3437 1715 3529 atque
1739 3426 1825 3502 inci·
1977 3538 1980 3546 „

285 3560 375 3628 tent.
426 3554 500 3629 Sed
520 3555 586 3630 hoc
607 3578 678 3629 non
699 3553 871 3656 estquod
893 3552 1073 3654 quaeritur
1095 3561 1132 3627 et
1152 3552 1198 3627 ad
1220 3552 1310 3629 banc
1330 3576 1490 3628 normam
1508 3574 1554 3625 ne
1576 3548 1825 3651 perfectissima

288 3674 435 3773 quidem
465 3675 623 3751 doctrina
654 3676 813 3764 moralis,
849 3674 923 3749 sire
957 3670 1176 3749 Christianae
1208 3672 1279 3747 aire
1309 3670 1534 3773 philosophae
1563 3670 1705 3745 cuidam
1732 3664 1824 3745 banc

288 3792 431 3869 laudem
461 3792 622 3881 tribuas,
644 3792 690 3868 ab
713 3793 809 3869 omni
834 3799 934 3893 parte
958 3792 1153 3869 satisfacere
1174 3798 1300 3891 potest.

337 3912 429 3988 Tota
452 3934 509 3987 res
531 3936 622 4012 quae
643 3935 739 3988 nune
762 3913 880 4013 agitm
902 3912 972 3988 huc
993 3912 1105 4002 redit,
1130 3920 1251 3988 utrum
1274 3910 1465 3989 israelitica
1486 3911 1547 3987 illa
1572 3910 1629 3987 lex
1653 3910 1734 3987 telis
1755 3908 1821 4001 sit,

288 4055 380 4130 quae
397 4032 606 4131 peragendis
620 4032 665 4109 iis
682 4056 774 4133 quea
793 4032 1004 4134 praescribat
1016 4033 1120 4133 plane
1131 4032 1262 4133 erpleri
1274 4032 1405 4133 possit,
1429 4057 1475 4108 an
1497 4056 1577 4109 vero
1595 4030 1701 4108 etiam
1724 4052 1823 4109 men·

288 4158 362 4226 tem
396 4151 626 4254 animumque
651 4161 806 4256 spectet,
838 4152 971 4253 quibus
993 4153 1074 4253 quis
1095 4152 1133 4227 in
1156 4153 1294 4254 agendo
1315 4153 1484 4243 ducatur,
1516 4176 1537 4227 e
1560 4152 1690 4252 quibus
1713 4150 1824 4252 igitur

286 4278 472 4371 tamquam
500 4296 521 4347 e
549 4272 647 4349 fonte
675 4298 798 4349 omnes
828 4274 906 4350 eius
934 4273 1086 4351 actiones
1108 4273 1295 4374 profluant.
1343 4272 1521 4349 Posterius
1547 4271 1649 4349 unice
1671 4272 1821 4372 proban·

287 4390 376 4467 dum
400 4418 478 4469 esse
501 4394 622 4493 paucis
646 4395 902 4473 demonstrabo.

335 4514 387 4588 Et
407 4514 522 4614 primo
544 4515 711 4615 qudem,
735 4517 832 4616 quod
855 4539 961 4616 supra
981 4514 1051 4593 iam
1076 4514 1195 4604 innui,
1223 4536 1286 4613 per
1314 4519 1426 4589 totam
1459 4512 1531 4589 lere
1563 4515 1678 4616 legem
1707 4516 1820 4594 inem·

286 4640 388 4711 catur
412 4634 597 4726 Israelitis,
621 4660 700 4713 eam
722 4637 854 4738 quippe
877 4662 899 4713 a
921 4636 999 4713 Deo
1025 4635 1193 4712 sancitam
1221 4640 1340 4709 sancte
1362 4634 1414 4743 viis
1439 4628 1692 4713 observandam
1721 4660 1819 4728 esse,

286 4761 329 4829 nt
349 4752 430 4830 Deo
449 4753 558 4831 fidem
580 4762 617 4831 et
636 4754 847 4859 obsequium
871 4764 1069 4858 praestent,
1100 4755 1186 4857 quin
1209 4754 1387 4831 nonnullis
1412 4752 1607 4857 praeceptis
1630 4758 1742 4858 iisqne
1763 4756 1817 4833 in·

286 4872 430 4949 tardum
456 4896 514 4951 res
543 4896 640 4953 mera
661 4883 822 4954 externas
851 4876 1090 4979 spectantibus
1115 4872 1288 4977 peculiare
1316 4876 1459 4955 additur
1484 4872 1757 4955 incitamentum*
1774 4896 1819 4953 aa

1577 4998 1648 5074 21*
