4959 6175
874 669 1158 757 cunero.
1411 636 1415 642 ’
1727 669 1793 738 159

258 879 439 960 communi
458 878 617 957 omnium
639 902 812 956 consensu
833 879 955 956 honori
979 887 1072 956 esset
1093 880 1222 955 futura.
1274 879 1400 980 Neque
1429 879 1474 954 de
1500 901 1581 978 rege
1607 901 1722 976 neque
1745 877 1790 952 de

259 1000 498 1084 sacerdotibus
522 1023 635 1074 sermo
656 1004 720 1074 est.
770 997 966 1077 Verborum
990 1025 1113 1078 sensus
1139 1007 1208 1074 est:
1237 1001 1328 1074 cVos
1349 999 1445 1074 eritis
1466 998 1553 1074 mihi
1575 997 1695 1082 civitas
1718 1005 1792 1074 tota

260 1121 362 1223 quasi
384 1116 623 1194 sacerdotibus
646 1123 808 1192 constans
833 1127 868 1192 et
896 1117 975 1211 (hoc
1001 1118 1128 1192 diserte
1152 1118 1307 1212 additur)
1334 1143 1422 1218 gens
1446 1119 1601 1196 sancta.'’

310 1241 437 1339 Neque
472 1237 613 1314 maioris
648 1236 819 1312 momenti
849 1245 905 1312 est
937 1237 1033 1314 locus
1064 1238 1221 1337 poeticus
1248 1237 1286 1312 in
1320 1239 1471 1314 carmine
1508 1238 1603 1338 quod
1625 1263 1791 1316 nrnmuo

260 1360 449 1436 tribuitur:
504 1358 623 1432 nDeus
649 1381 732 1432 cum
754 1357 883 1432 lsratlc
907 1367 961 1432 est
983 1366 1020 1433 et
1044 1357 1163 1432 inille
1187 1355 1349 1462 [populo]
1376 1368 1430 1434 est
1450 1359 1577 1434 clamor
1601 1359 1728 1459 regis'',
1754 1359 1792 1434 id

262 1488 316 1558 eet
340 1504 412 1578 quo
433 1477 509 1578 regi
533 1477 715 1552 acclamari
739 1477 837 1554 solet.

311 1599 467 1674 Gravius
500 1623 582 1674 sane
617 1607 671 1671 est
704 1598 799 1695 quod
831 1621 970 1675 erneou
1004 1623 1026 1673 e
1058 1599 1132 1674 suis
1165 1599 1335 1674 invitatus
1367 1605 1407 1672 ut
1430 1600 1562 1698 regiam
1586 1601 1792 1700 dignitatem

261 1743 411 1818 cumque
444 1717 710 1794 haereditarium
744 1718 952 1816 susciperet,
982 1718 1022 1792 id
1043 1743 1220 1794 recusasse
1245 1717 1355 1792 lertur
1385 1715 1478 1791 hisee
1504 1718 1634 1793 additis
1659 1718 1791 1794 verbis:

264 1839 462 1914 eDominus
485 1839 660 1936 intervos
687 1837 892 1938 regnabit,''
916 1863 1145 1937 quamquam
1165 1836 1371 1913 vocabulum
1397 1837 1453 1912 hic
1482 1848 1688 1938 usurpatum
1715 1847 1815 1939 pro·'

261 1961 338 2060 prio
363 1985 431 2036 non
458 1959 631 2060 significat
654 1984 819 2060 rapuere,
842 1985 955 2058 repam
978 1985 1051 2034 aare
1075 1960 1137 2033 sed
1162 1958 1321 2034 universe
1345 1961 1530 2056 imperare,
1554 1986 1682 2060 repere.

312 2079 482 2154 Eiusdem
503 2077 642 2178 generis
660 2087 744 2152 sunt
768 2077 872 2152 verbe
894 2077 1025 2176 quibus
1050 2077 1167 2167 Deus,
1201 2101 1313 2175 quum
1336 2077 1512 2154 Israeliten
1533 2105 1651 2180 regern
1671 2087 1791 2180 postu·

263 2199 404 2286 labant,
434 2197 482 2274 ad
512 2220 713 2272 sanemur
739 2222 826 2272 neus
859 2222 934 2272 esse
959 2197 1126 2277 traditur:
1181 2199 1284 2271 oNon
1310 2205 1344 2272 te
1369 2197 1551 2298 respuere,
1575 2191 1638 2274 sed
1663 2223 1719 2274 me
1741 2223 1794 2274 ra·

265 2342 389 2424 spuere
408 2341 454 2391 ne
473 2317 511 2390 in
534 2342 594 2392 eos
616 2318 805 2414 regnem,’'
830 2323 867 2390 et
886 2341 929 2390 es
952 2329 1042 2413 quae
1065 2315 1103 2390 iu
1130 2315 1283 2390 oratioue
1310 2343 1331 2390 a
1359 2341 1528 2396 senonen
1555 2319 1601 2394 ed
1623 2319 1792 2419 populum

266 2438 385 2515 habita
407 2445 613 2514 occurruntz
667 2436 864 2511 eDominus
888 2442 1007 2509 autem
1031 2435 1130 2509 Deus
1155 2443 1267 2508 vester
1291 2459 1351 2508 rex
1377 2445 1488 2510 vester
1511 2439 1601 2514 cst.’'

311 2561 363 2634 At
388 2559 419 2634 si
450 2558 536 2634 baec
570 2557 676 2632 verba
698 2557 752 2633 vel
768 2544 924 2634 'maxime
947 2554 1124 2630 continere
1147 2553 1379 2632 concedamus
1402 2556 1498 2653 quod
1519 2556 1562 2630 iis
1582 2555 1797 2655 comprobari

265 2679 405 2770 volunt,
430 2679 526 2779 quod
549 2677 713 2777 equidem
736 2678 859 2776 utique
879 2702 988 2776 nego,
1013 2673 1131 2750 Deum
1153 2674 1189 2748 in
1207 2674 1329 2774 populi
1348 2675 1530 2753 Israelitiei
1550 2677 1797 2756 constitutione

263 2800 406 2902 politice
440 2801 533 2900 regis
561 2799 678 2878 locum
708 2797 921 2886 obtinuisse,
953 2797 1073 2895 ipsum
1104 2796 1171 2870 hoc
1202 2795 1345 2870 omnino
1381 2795 1468 2872 salso
1501 2797 1665 2874 contendi
1698 2795 1798 2872 facile

266 2922 509 3001 demonstruu
531 2927 594 2995 est.
1797 2961 1799 2966 ,

319 3044 414 3117 Sunt
443 3040 534 3116 enim
566 3038 671 3117 multi
700 3044 878 3139 praeterea
911 3037 978 3115 loci
1007 3036 1047 3113 in
1072 3035 1178 3113 saeris
1203 3037 1440 3115 israelitarum
1466 3037 1624 3139 hymnis,
1649 3036 1799 3148 Bmlmis

268 3162 378 3262 vulgo
414 3158 532 3248 dous,
569 3158 607 3235 iu
642 3158 773 3258 quibus
806 3158 884 3233 Deo
908 3182 1059 3259 regnum
1081 3156 1259 3234 tribuitur.
1311 3159 1382 3235 Sed
1411 3184 1481 3237 non
1511 3168 1649 3237 tantum
1677 3184 1798 3237 eorum
1839 3250 1841 3257 y
1919 3148 1920 3153 Ν

266 3282 374 3381 longa
391 3279 534 3380 plurimi
555 3278 626 3355 Dei
647 3279 685 3354 in
708 3304 830 3355 omnes
852 3279 961 3355 totius
983 3278 1077 3354 orbis
1100 3284 1270 3356 terrerum
1292 3290 1416 3381 gentes
1437 3307 1583 3382 regnum
1605 3281 1799 3371 celebrant,

266 3426 389 3478 rerum
418 3401 526 3477 etiam
555 3424 680 3477 omnes
709 3412 794 3475 eunt
815 3400 1042 3490 recentiores,
1067 3400 1107 3474 id
1134 3408 1189 3476 est
1209 3408 1291 3499 post
1314 3398 1549 3483 introductam
1570 3402 1662 3478 inter
1685 3404 1798 3477 Israe-

265 3523 346 3601 litas
375 3521 509 3622 regiam
545 3521 754 3623 dignitatem
784 3521 987 3623 compositi,
1011 3521 1161 3619 ideoque
1189 3520 1221 3595 si
1245 3520 1472 3606 Israeliticam
1500 3528 1695 3620 spectarent
1715 3519 1798 3596 civi·

266 3651 397 3733 tetam,
435 3642 555 3719 Deum
595 3651 680 3719 tunc
716 3642 878 3743 inprimis
915 3667 1033 3743 regern
1068 3640 1382 3741 praedicavissent,
1416 3666 1530 3741 quum
1563 3643 1639 3718 eius
1669 3666 1797 3742 regno,

267 3765 425 3841 humano
459 3762 590 3863 quippe
620 3788 730 3863 regno
760 3764 942 3852 instituto,
977 3762 1097 3837 nullus
1128 3761 1280 3862 amplius
1313 3762 1409 3839 locus
1439 3772 1545 3839 esset.
1595 3762 1676 3837 Nisi
1704 3762 1800 3837 enirn

266 3883 357 3961 torte
382 3882 429 3958 ad
450 3892 687 3959 commentum
704 3883 794 3959 illud
814 3883 859 3958 de
879 3881 1023 3983 regibus
1044 3882 1113 3957 Dei
1132 3882 1267 3957 vicariis
1289 3908 1462 3959 recurrere
1487 3884 1668 3973 malimus,
1689 3882 1800 3959 laten·

269 4003 358 4080 dum
385 4010 439 4078 est
458 4001 555 4078 illam
575 4003 646 4079 Dei
672 4004 768 4103 apud
792 4003 970 4079 Israeliten
991 4002 1124 4104 regiam
1149 4002 1359 4102 dignitatern
1381 4003 1464 4079 inde
1488 4031 1510 4080 a
1531 4005 1646 4080 Saulis
1665 4012 1800 4103 tempo·

269 4124 370 4236 ribus
390 4124 584 4200 necessario
603 4123 712 4202 fuisse
731 4123 954 4225 abrogatam,
979 4125 1075 4223 quod
1100 4132 1219 4200 tamen
1245 4124 1369 4201 merito
1395 4134 1527 4223 negent
1552 4149 1694 4214 omnes,
1717 4124 1801 4223 quie

269 4244 341 4321 Dei
368 4245 409 4319 in
436 4245 670 4323 Israelitieum
697 4245 868 4345 populum
889 4245 1152 4334 euowrimtem,
1185 4251 1266 4343 poet
1285 4244 1516 4321 constitutum
1538 4268 1655 4345 regem
1677 4244 1801 4319 hume·

270 4390 379 4455 unm,
396 4366 494 4443 nullo
511 4366 618 4442 modo
633 4374 804 4443 mutatam
821 4373 884 4442 aut
903 4365 1128 4443 imminutam
1147 4364 1256 4441 luisse
1274 4388 1380 4463 quam
1400 4364 1674 4441 luculentissime
1692 4372 1799 4464 patet.

321 4486 387 4561 His
406 4487 517 4587 igitur
539 4486 622 4563 locis
644 4488 675 4563 si
696 4486 940 4566 tantummodo
963 4486 1128 4568 laudibus
1151 4485 1285 4561 tollitur
1307 4486 1450 4563 Numen
1468 4487 1648 4576 divinum,
1670 4486 1801 4587 quippe

272 4606 376 4683 cuius
406 4608 513 4683 solius
550 4608 596 4683 sit
626 4616 663 4683 et
691 4607 729 4681 in
754 4607 930 4683 Israelita
958 4614 996 4682 et
1016 4607 1053 4681 in
1078 4631 1199 4683 omnes
1218 4616 1342 4706 gentes
1370 4631 1533 4707 regnare,
1557 4632 1671 4707 neque
1689 4632 1802 4683 sermo

273 4736 329 4803 eet
360 4726 406 4803 de
437 4727 586 4805 ciuitatis
615 4728 794 4828 mandre
819 4726 949 4816 forme,
973 4726 1085 4804 smilis
1109 4736 1146 4802 et
1167 4734 1261 4803 certa
1288 4726 1353 4803 erit
1374 4728 1462 4802 ratio
1482 4728 1740 4815 concludenda,
1765 4727 1802 4801 in

272 4847 468 4949 itaquae
500 4873 522 4924 e
554 4856 709 4949 tempore
742 4847 907 4925 Iudicurn
939 4845 1187 4937 excitavimus,
1219 4847 1390 4949 populum
1411 4849 1506 4949 carpi
1527 4849 1670 4950 quidem
1693 4856 1730 4923 et
1749 4871 1802 4922 re·
