4959 6175
905 666 1185 737 ouillo.
1763 673 1808 745 23

333 878 378 955 In
402 877 518 955 locum
541 876 724 957 alarimimi
746 900 866 970 asan,
891 879 953 980 qui
976 878 1057 979 plus
1085 876 1316 981 quadraginta
1337 900 1448 955 annos
1467 877 1507 953 in
1531 876 1596 955 hae
1616 879 1807 961 Academia

283 1020 365 1075 cum
387 999 546 1077 omnium
568 998 795 1077 admiratione
825 1000 940 1077 literas
970 1001 1133 1099 antiquas
1155 999 1295 1091 docuit,
1329 998 1496 1076 suffectus
1518 1006 1560 1076 tu
1580 1024 1640 1090 cs,
1674 1000 1803 1081 clariss

284 1142 501 1199 autumn.
549 1120 650 1197 Onus
676 1119 858 1220 suscepisti
881 1119 976 1196 haud
1010 1144 1092 1195 sane
1116 1120 1211 1211 leve,
1235 1144 1346 1221 eoque
1378 1119 1536 1221 mulus,
1571 1120 1668 1222 quud
1688 1120 1803 1199 locum

282 1242 460 1343 occupasti
494 1240 558 1317 vini
589 1241 685 1317 umni
716 1241 819 1317 laude
852 1239 1114 1317 celebratissimi
1147 1248 1184 1316 et
1213 1240 1345 1341 collega
1369 1240 1512 1317 additus
1546 1264 1585 1317 es
1613 1240 1804 1319 cernane
1836 1228 1839 1232 ’

284 1384 399 1439 consu
424 1362 461 1437 iu
494 1359 558 1437 hcc
582 1361 759 1445 liurarum
782 1382 909 1463 genere
942 1360 1177 1461 principatum
1211 1361 1355 1438 maenti
1404 1361 1654 1439 Gratissimum
1684 1372 1804 1439 autem

283 1481 351 1557 luit
372 1480 475 1556 nobis
500 1486 536 1557 te
559 1504 708 1572 munim,
733 1506 804 1581 quo
835 1480 1062 1583 dignissimus
1087 1480 1287 1559 iudicaretis
1310 1482 1357 1557 ab
1384 1480 1549 1557 omnibns
1573 1488 1610 1558 te
1632 1483 1804 1559 noscenti-

284 1600 373 1691 bus,
407 1623 478 1678 nun
514 1598 732 1679 detrectasse
781 1601 895 1679 Nubis
931 1602 1025 1679 enim
1061 1602 1364 1704 persuasissimum
1397 1608 1465 1702 eat·
1484 1602 1628 1679 latinas
1663 1626 1803 1702 quoque

282 1720 398 1797 literas
420 1729 457 1797 tc
479 1721 618 1798 doctore
643 1746 747 1799 suum
773 1721 952 1799 habituras
985 1746 1061 1800 esse
1094 1724 1271 1800 honorem.
1321 1724 1508 1824 Speremus
1538 1746 1610 1800 nun
1643 1728 1802 1812 autum,

280 1840 343 1917 sed
374 1840 477 1941 plana
503 1842 711 1921 confidimus
739 1842 812 1919 lere
838 1850 880 1918 ut
911 1866 1015 1944 opera
1046 1852 1109 1921 tua
1140 1843 1265 1921 harum
1300 1843 1478 1919 literarum
1514 1842 1633 1919 studia
1662 1843 1803 1943 vigeant

277 1970 513 2063 marcentque.

328 2082 466 2161 Placuit
490 2083 583 2184 Regi
617 2082 866 2185 augustissime
895 2086 1124 2184 provinciam,
1161 2108 1269 2183 quem
1300 2083 1428 2160 clariss
1462 2104 1537 2159 vsu
1561 2105 1676 2159 sesnes
1707 2083 1802 2159 solus

278 2204 438 2294 tenebat,
473 2202 511 2277 in
544 2202 632 2279 duas
659 2203 811 2278 dividmc
842 2211 978 2303 partes,
1013 2226 1202 2303 canumque
1227 2202 1327 2279 alteri
1355 2203 1540 2303 praeficere
1572 2204 1700 2281 clariss.
1726 2226 1802 2279 vsu

279 2342 450 2397 aounvsn
487 2343 625 2409 rauna,
661 2319 958 2422 Iurisprudentiae
991 2320 1029 2393 in
1065 2318 1257 2395 Academia
1286 2320 1511 2418 Grouingana
1547 2321 1801 2414 Pmsessorsm,

275 2438 375 2515 alteri
395 2461 533 2515 ronanus
553 2460 781 2515 annuemus
802 2460 1008 2527 aeunsmu,
1029 2437 1141 2513 virum
1160 2438 1478 2528 consultissimum,
1498 2438 1610 2515 civem
1631 2449 1799 2519 nostrum.

277 2557 434 2633 Gratiam
454 2556 624 2633 habemus
642 2557 852 2634 Academiae
872 2556 1122 2647 Carnutibus,
1140 2555 1342 2633 auctoribus
1362 2555 1468 2631 huius
1487 2558 1632 2635 consilii.
1658 2560 1801 2636 Etenim

277 2684 351 2753 tum
379 2700 468 2779 epus
492 2676 738 2777 bipartientes,
772 2684 852 2754 tum
881 2676 973 2778 Regi
996 2677 1201 2767 suadentes,
1225 2684 1268 2753 ut
1291 2675 1347 2752 hie
1369 2675 1452 2751 viris
1475 2676 1561 2753 iuris
1582 2678 1803 2777 peritissimis

275 2796 361 2873 iuris
391 2796 538 2873 docendi
560 2796 772 2899 provinciam
794 2799 1042 2888 committeret,
1068 2798 1113 2874 de
1141 2796 1268 2873 studiis
1288 2796 1494 2873 academicis
1519 2797 1610 2873 bene
1632 2799 1801 2875 meruisse
1856 2884 1862 2893 ¹

276 2917 441 2994 censendi
462 2924 556 2995 aunt
606 2916 699 2995 Nam
721 2940 850 3018 magna
870 2918 908 2993 in
930 2942 991 3018 spe
1012 2916 1303 3007 sanemarium,
1327 2923 1369 2991 ut
1389 2917 1572 3017 utriusque
1592 2942 1697 3019 opera
1713 2918 1800 2995 iuris

276 3044 312 3115 et
336 3038 486 3114 Rumani
516 3044 551 3114 et
574 3037 679 3139 patrii
712 3036 869 3115 studium
892 3035 1057 3113 incitetur
1077 3036 1239 3137 evesque
1261 3034 1372 3112 noemi
1404 3033 1530 3113 uberes
1553 3035 1637 3113 inde
1659 3036 1799 3138 capiant

276 3156 423 3234 nutus
472 3157 553 3232 Non
576 3157 693 3234 minus
714 3158 825 3260 igitur
854 3156 1064 3235 Academiae
1088 3156 1255 3258 gratulari
1275 3179 1340 3232 nos
1362 3162 1499 3257 oportet
1523 3156 1569 3233 de
1594 3157 1799 3234 Pmleascri·

274 3276 343 3353 bus
371 3276 581 3378 designatis,
616 3302 723 3380 quam
758 3279 813 3355 his
848 3278 930 3356 vinis
953 3278 997 3355 de
1029 3278 1218 3355 honoribus
1250 3277 1290 3353 in
1322 3301 1383 3353 eea
1416 3277 1560 3354 cellatis
1610 3278 1799 3355 Precamur
1948 3339 1961 3368 .

273 3403 412 3487 autam
436 3404 477 3473 ut
498 3398 710 3498 provinciam
739 3406 885 3501 uterque
910 3422 1011 3476 suam
1033 3397 1177 3476 feliciter
1199 3399 1317 3489 ineat,
1351 3397 1458 3498 inque
1483 3398 1630 3475 docendi
1652 3421 1798 3474 munere

273 3539 437 3617 prospera
459 3523 579 3594 utatur
601 3519 750 3598 fortuna.

321 3636 488 3736 Superest
511 3645 552 3714 ut
574 3638 679 3716 vmbu
704 3661 862 3715 moneam
890 3637 1004 3715 sirum
1034 3635 1293 3713 amatissimum
1315 3659 1491 3714 nuuwann
1518 3637 1697 3712 literarum
1719 3635 1796 3710 An·

274 3755 646 3953 ffilcctcrem
670 3781 747 3836 esse
769 3767 942 3850 creatum,
966 3779 1005 3835 sc
1022 3764 1139 3835 autam
1164 3756 1262 3834 bravi
1281 3767 1361 3859 poet
1384 3781 1528 3838 munere
1560 3757 1630 3834 sibi
1652 3756 1796 3834 deman·

377 3900 400 3954 a
462 3899 568 3956 casse

324 4472 440 4554 Pauca
463 4477 624 4556 addenda
658 4486 744 4557 sunt
771 4479 816 4556 ds
842 4477 1037 4555 studiorum
1068 4475 1290 4555 mminicsnlis
1320 4484 1358 4554 et
1372 4475 1642 4555 'instrumentis
1690 4478 1795 4558 Quae

276 4601 358 4672 aute
381 4597 444 4674 hos
469 4624 529 4676 sex
555 4623 664 4677 annos
683 4598 728 4676 de
751 4598 817 4676 hac
841 4599 917 4699 ipsa
939 4597 1102 4675 cathedra
1122 4597 1226 4675 verba
1244 4597 1374 4674 iaciens
1396 4597 1486 4675 dixit
1505 4597 1634 4674 Rectcr
1652 4597 1795 4699 Magni·

276 4709 381 4808 daus,
401 4718 507 4812 haec,
528 4719 693 4822 queniam
714 4716 954 4823 praesentibus
970 4716 1073 4818 plane
1092 4726 1309 4819 congrum,
1328 4726 1447 4795 nesus
1466 4716 1579 4795 faeere
1595 4741 1793 4818 ροιιιιιιιιιι.

279 4833 553 4933 cBitlictlaeeua‚
577 4840 714 4942 inquit,
744 4841 891 4930 Musca,
914 4835 1082 4930 meus,
1115 4846 1298 4940 ceteraque
1324 4837 1495 4917 emman
1518 4837 1594 4916 luca
1622 4836 1652 4914 si
1678 4836 1793 4937 perlu-
