4959 6175
895 701 1174 772 ounrlo.
1752 706 1793 774 91

273 916 423 1005 utimur,
460 913 608 989 decreto.
658 914 825 987 Attamen
859 913 915 988 bic
941 913 1010 988 illic
1033 921 1248 1011 temporum,
1274 935 1362 1011 quse
1387 918 1471 985 tunc
1495 917 1612 998 erant,
1636 909 1794 986 adverso·

272 1060 351 1112 rum
382 1033 510 1110 indicia
538 1030 604 1107 tibi
634 1056 772 1106 cernere
797 1032 933 1108 videris.
983 1033 1221 1112 Quamobrem
1245 1031 1327 1106 huic
1350 1031 1458 1106 labori
1485 1055 1554 1104 non
1581 1030 1699 1105 statim
1726 1031 1796 1108 vim

275 1155 362 1256 legis
393 1156 512 1230 datam
547 1176 643 1238 esse,
678 1151 774 1226 baud
806 1153 973 1230 dolemus.
1024 1153 1094 1226 Sed
1122 1151 1152 1226 si
1178 1151 1382 1251 aliquando,
1420 1151 1514 1250 qnod
1542 1150 1674 1226 utinam
1700 1150 1796 1226 brevi

275 1278 358 1363 fiat,
399 1276 455 1350 lex
486 1273 531 1346 de
567 1271 794 1346 Institutione
829 1272 996 1370 superiori
1029 1272 1074 1346 ad
1104 1271 1223 1370 populi
1261 1271 1436 1370 delegatos
1469 1271 1599 1359 fertur,
1633 1281 1796 1370 optamus

275 1396 448 1495 profecto,
485 1404 525 1468 ut
555 1391 640 1466 baec
668 1390 832 1489 pleraque
856 1390 1031 1466 contineat
1053 1416 1191 1479 eorum,
1225 1417 1316 1489 quae
1340 1415 1361 1466 a
1387 1389 1467 1464 viris
1490 1390 1558 1464 illis
1586 1391 1795 1468 doctissimis

276 1525 360 1590 sunt
382 1511 631 1588 commendata.
682 1511 739 1585 Sic
761 1534 969 1598 nwrcurus,
994 1512 1093 1586 cuius
1116 1511 1297 1610 ingenium
1324 1509 1381 1584 bfc
1404 1534 1543 1608 quoque
1567 1511 1796 1608 praestantiae

275 1659 358 1708 suae
381 1631 529 1730 vestigia
550 1630 712 1729 reliquit,
736 1631 783 1705 ad
808 1655 871 1704 nos
895 1631 991 1729 loqui
1012 1639 1154 1730 perget,
1177 1631 1313 1706 etiamsi
1338 1631 1383 1705 sit
1409 1638 1575 1706 mortuus.

323 1754 391 1827 Per
416 1749 677 1850 quatuordecim
701 1774 812 1824 annos
833 1774 1022 1826 nwrcrrrus
1052 1750 1258 1826 Hollandiae
1283 1750 1562 1851 septemtrionali
1584 1750 1798 1851 praefuerat,
1916 1773 1919 1782 ·

276 1896 385 1972 quum
420 1896 513 1946 anno
546 1873 643 1944 1854
668 1869 705 1943 in
729 1870 891 1945 morbum
921 1871 1044 1945 incidit
1066 1871 1152 1945 adeo
1175 1896 1334 1971 gravem,
1363 1881 1403 1945 ut
1429 1895 1499 1945 non
1522 1871 1641 1968 procul
1664 1895 1685 1944 a
1709 1869 1797 1946 vitae

276 1993 427 2092 periculo
448 1993 569 2067 abesse
596 1989 778 2065 videretur.
828 1991 900 2065 Sed
925 2015 1034 2066 vanus
1057 1991 1125 2065 fuit
1144 2001 1368 2090 cognatorum
1393 1991 1651 2088 amicorumque
1671 1997 1797 2066 metus.

277 2115 468 2210 Postquam
503 2117 622 2186 autem
653 2134 697 2186 err
721 2109 786 2184 boc
812 2111 934 2185 morbo
957 2110 1149 2198 convaluit,
1183 2111 1234 2184 vir
1258 2111 1411 2209 prudens
1433 2119 1469 2184 et
1493 2135 1574 2184 eum
1596 2111 1632 2185 in
1655 2110 1800 2187 modum

276 2257 418 2308 suarum
442 2229 510 2305 sibi
533 2229 658 2305 virium
683 2230 863 2328 conscius,
889 2230 950 2329 qui
975 2229 1100 2304 modus
1124 2255 1194 2304 uon
1222 2239 1275 2304 est
1298 2230 1455 2306 omnium
1479 2239 1591 2304 aetate
1611 2232 1799 2328 provectio·

278 2375 374 2440 rum,
400 2359 538 2450 tempus
563 2351 691 2424 instare
716 2349 901 2438 iudicavit,
926 2374 997 2449 quo
1020 2375 1041 2424 a
1065 2348 1242 2448 republica
1264 2349 1416 2424 curanda
1438 2349 1629 2424 decederet.
1678 2353 1800 2449 ltaque

279 2479 419 2572 rogante
441 2470 519 2570 ipso
541 2493 633 2546 anno
657 2472 749 2543 1855
775 2469 1160 2544 honorificentissimea
1186 2469 1284 2568 Rege
1308 2468 1474 2544 dimissus
1496 2476 1566 2558 est,
1592 2470 1711 2568 gratiis
1734 2471 1802 2570 ipsi

279 2592 361 2668 actis
393 2615 457 2690 pro
491 2589 640 2689 egregiis
674 2601 711 2662 et
741 2589 917 2664 diuturnis
940 2591 977 2665 in
1001 2589 1150 2690 patriam
1173 2587 1326 2677 meritis,
1351 2588 1539 2687 habitoque
1565 2589 1630 2665 hoc
1653 2590 1801 2678 honore,

279 2723 319 2786 ut
340 2714 510 2786 Meister
534 2713 655 2784 Status
677 2709 862 2809 legeretur.

178 2890 183 2898 .
326 2832 419 2904 Tum
454 2830 491 2904 in
528 2828 787 2905 dilectissimam
820 2829 942 2904 urbem
977 2828 1144 2928 patriam,
1167 2853 1275 2926 quam
1300 2828 1531 2928 quadraginta
1563 2853 1670 2929 prope
1702 2829 1801 2906 annis

280 2957 381 3038 ante,
415 2956 527 3024 aetate
561 2949 687 3024 florens
717 2957 753 3024 et
784 2949 841 3025 vix
867 2950 1045 3049 ingressus
1074 2950 1247 3025 honorum
1272 2971 1435 3035 cursum,
1461 2941 1666 3048 reliquerat,
1691 2949 1803 3025 redire

281 3069 444 3146 decrevit.
494 3069 688 3145 Traiectum
718 3070 953 3146 venerandum
986 3095 1105 3145 senem
1138 3095 1221 3145 oum
1248 3067 1398 3145 laetitiae
1419 3068 1678 3169 significatione
1704 3094 1801 3145 exce·
1938 3136 1943 3144 .

281 3191 355 3289 pit,
392 3191 537 3265 ethaeo
570 3190 700 3265 laetitia
731 3191 908 3289 aliquanto
931 3200 1010 3291 post
1034 3198 1137 3267 aucta
1158 3202 1212 3265 est
1220 3209 1241 3280 ,·
1256 3214 1368 3289 quum
1394 3190 1490 3290 ipse,
1516 3190 1578 3288 qui
1599 3216 1661 3291 per
1685 3190 1802 3289 plures

280 3330 392 3383 annos
416 3308 624 3383 Academiae
646 3308 827 3383 Leidensis
850 3309 999 3383 (iurator
1020 3308 1151 3397 fuerat,
1186 3309 1252 3383 boc
1277 3334 1421 3385 munere
1443 3310 1621 3409 deposito,
1646 3310 1801 3410 Collegio

280 3428 489 3503 curatorum
512 3428 801 3516 lbaiectinorum,
825 3427 997 3503 Praesidis
1020 3429 1177 3516 nomine,
1198 3428 1460 3505 adscriberetur.
1511 3431 1591 3506 Dici
1614 3431 1671 3505 vix
1688 3438 1802 3528 potest

281 3558 412 3648 quanta
446 3573 528 3623 curn
567 3550 743 3650 voluptate
779 3549 884 3623 buius
920 3549 1067 3648 Collegii
1097 3549 1211 3623 socius
1243 3554 1344 3623 essct.
1394 3549 1475 3623 Non
1502 3549 1740 3648 acquiescebat
1764 3548 1801 3623 in

281 3668 383 3743 titulo
419 3668 627 3758 honorifico,
662 3669 724 3745 sed
749 3669 825 3768 ipsa
846 3668 1000 3743 muneris
1023 3668 1123 3742 oficia
1148 3668 1180 3741 ei
1206 3669 1242 3741 in
1265 3667 1397 3742 deliciis
1420 3678 1526 3743 erant.
1578 3668 1801 3767 Omninoque

169 3806 176 3823 ·
285 3786 393 3861 virum
420 3811 457 3860 se
479 3786 670 3885 probabat,
694 3787 752 3883 cui
777 3786 812 3859 in
838 3811 933 3861 more
956 3786 1107 3884 positum
1130 3795 1203 3860 erat
1229 3812 1354 3861 munus
1381 3788 1476 3885 operi
1498 3787 1698 3874 admovere,
1724 3786 1801 3884 qui·

285 3930 350 4005 que
375 3930 446 3980 non
470 3906 583 4005 magis
607 3906 755 3983 alienam
776 3906 983 3981 industriam
1002 3906 1149 3981 excitare
1167 3929 1273 4004 quam
1293 3905 1484 3980 industriae
1509 3906 1581 4006 ipse
1603 3905 1803 4005 exemplum

284 4026 447 4125 praebere
483 4026 626 4103 solebat.
675 4026 805 4101 Nullus
843 4018 915 4101 fere
950 4026 1024 4101 dies
1060 4026 1287 4126 praeteribat,
1324 4027 1421 4131 quin&
1446 4026 1549 4101 rebus
1587 4025 1805 4101 Academicis

284 4170 422 4245 operam
448 4146 556 4221 daret.
606 4147 645 4219 Si
671 4147 877 4236 professores
899 4171 981 4221 eum
1007 4146 1196 4221 salutatum
1221 4146 1384 4235 adibant,
1421 4171 1502 4221 cum
1529 4146 1719 4246 plurimum
1745 4146 1804 4221 de·

285 4266 402 4341 lectari
430 4267 620 4365 apparebat
642 4266 774 4342 mutuis
797 4266 840 4341 de
866 4266 1084 4341 institutione
1107 4265 1219 4363 deque
1244 4266 1477 4342 doctrinarum
1501 4267 1617 4343 studio
1641 4266 1806 4367 sermoni·

285 4385 371 4475 bus,
408 4385 473 4460 hos
510 4386 638 4476 etiarn,
675 4412 745 4486 quo
777 4386 906 4461 maiore
938 4384 1191 4462 necessitudine
1224 4410 1341 4461 secum
1377 4387 1621 4484 coniungeret,
1647 4411 1807 4469 nonnun-

285 4532 391 4605 quam
428 4506 584 4581 oonvirio
615 4506 820 4606 excipiebat.
869 4506 960 4579 'lum
992 4504 1160 4591 dubium,
1199 4513 1276 4580 utra
1310 4504 1411 4579 nobis
1442 4505 1550 4604 pluris
1579 4515 1689 4595 esset,
1714 4506 1810 4581 mitis

283 4624 456 4725 sapientia
473 4625 584 4713 senm,
609 4625 713 4724 longo
731 4649 849 4701 rerum
862 4614 941 4701 'usu
960 4635 1176 4724 comparata,
1201 4650 1246 4700 an
1268 4626 1420 4703 amicitia
1444 4626 1506 4701 viri
1530 4627 1676 4702 summis
1699 4626 1809 4701 hono-

284 4743 382 4818 ribus
407 4743 582 4843 perfuncti
605 4744 771 4843 omnique
794 4746 970 4822 doctrinae
992 4769 1118 4843 genere
1144 4745 1253 4844 politi.
1889 4742 1892 4749 ’

335 4867 459 4944 Quum
490 4864 598 4963 igitur
634 4864 691 4939 die
730 4870 776 4943 16
803 4892 849 4944 m.
876 4866 1078 4942 Decembris
1104 4866 1186 4941 anni
1226 4868 1319 4940 1858
1350 4867 1509 4943 nonnulli
1533 4866 1745 4942 Professores
1766 4864 1810 4939 ab

1548 4985 1621 5059 12*
