4959 6175
698 646 741 713 88
1297 645 1331 717 P.
1368 645 1617 716 lldlt'l'lNG

696 853 727 927 si
752 852 947 952 quaeritur,
983 852 1059 929 fieri
1089 861 1219 954 potest,
1256 863 1297 932 ut
1319 855 1496 932 interdum
1520 857 1625 932 fidem
1648 852 1809 930 hebuerit
1830 853 1893 942 iis,
1926 855 1988 955 qni
2009 863 2129 955 postes
2153 858 2215 934 bae

696 971 767 1046 lide
794 997 832 1046 se
851 971 1015 1072 indignos
1040 995 1116 1047 esse
1146 973 1346 1072 probarunt.
1399 973 1536 1050 Scilicet
1559 973 1664 1049 homo
1689 972 1757 1048 luit
1778 973 1856 1064 ille,
1888 974 1989 1050 euius
2014 977 2215 1052 memorium

696 1091 990 1168 commendemus.
1040 1091 1225 1192 Quidquid
1256 1101 1375 1168 autem
1407 1101 1478 1183 est,
1513 1117 1595 1169 eum
1627 1116 1762 1193 semper
1785 1093 1918 1194 optimu
1937 1117 2097 1194 quaeque
2117 1121 2212 1196 spec·

696 1220 806 1301 tasse,
843 1211 1054 1288 adversarios
1090 1222 1227 1302 eutem,
1262 1213 1482 1290 consiliorum
1514 1212 1590 1289 eius
1624 1211 1804 1290 honestate
1837 1237 1977 1313 prorsus
2009 1225 2143 1316 spreto,
2178 1215 2213 1291 id

695 1330 897 1430 egissent,
935 1355 1163 1432 quaeeunque
1198 1331 1272 1408 suis
1306 1329 1498 1407 commodis
1527 1329 1807 1418 adversarentur,
1840 1341 1915 1407 utro
1943 1333 2092 1408 carbone
2118 1344 2212 1410 note·

695 1458 790 1539 rent,
818 1451 903 1540 boe,
937 1452 969 1526 si
992 1453 1079 1552 quid
1101 1452 1215 1541 eliud,
1247 1451 1344 1528 omni
1372 1449 1481 1526 dnbio
1510 1451 1624 1528 maius
1653 1459 1716 1528 est.
1765 1449 1884 1550 Atque
1916 1451 2001 1528 haec
2028 1477 2133 1528 cause
2163 1463 2213 1528 est

538 1651 543 1657 ,
695 1569 803 1644 enimi
835 1595 959 1670 porum
993 1575 1115 1672 aequi,
1151 1595 1222 1673 quo
1249 1571 1407 1672 inprimis
1436 1570 1515 1671 post
1546 1595 1678 1646 annum
1705 1571 1798 1646 1828
1823 1569 1860 1645 in
1885 1571 2074 1648 Provinciis
2101 1573 2213 1672 Regni

695 1690 978 1766 meridionsbbus
1009 1693 1144 1792 excepti
1181 1698 1265 1766 sunt
1303 1691 1377 1766 eius
1410 1690 1638 1766 institutionis
1672 1688 1909 1766 emendandae
1941 1699 2097 1767 conatus.
2148 1692 2213 1768 His

692 1810 895 1900 conatibus,
926 1811 998 1886 etsi
1029 1811 1287 1888 benevolentiae
1318 1809 1430 1911 plenis
1462 1819 1498 1886 et
1530 1811 1576 1886 ad
1608 1811 1742 1906 enimes
1773 1810 1959 1910 placandos
1989 1811 2212 1912 comparetis,

692 1928 788 2004 haud
816 1929 998 2006 fidendum
1026 1955 1120 2022 esse,
1156 1931 1242 2032 quin
1268 1938 1361 2006 ortos
1385 1955 1445 2006 eos
1468 1955 1542 2006 esse
1568 1953 1612 2006 ex
1641 1930 1799 2031 impuro,
1832 1933 1950 2008 neseio
1980 1933 2069 2031 qno,
2103 1933 2213 2021 fonte,

692 2049 1148 2152 malevolentiaspurgebet.

668 2179 673 2185 ’
739 2169 877 2245 Foedus
900 2195 1040 2260 eorum,
1065 2172 1128 2270 qui
1149 2171 1303 2271 pendent
1327 2197 1370 2247 ex
1392 2172 1603 2248 Olerioorum
1627 2171 1830 2248 auotoritete
1854 2181 1891 2248 et
1913 2171 2113 2260 bominum,
2137 2173 2211 2272 qui·

691 2287 759 2364 bus
780 2289 922 2364 libertos
941 2289 978 2365 in
1000 2315 1059 2365 ore
1081 2301 1153 2382 est,
1177 2299 1313 2367 constat
1337 2315 1380 2367 ex
1406 2291 1564 2392 partibus
1585 2291 1684 2368 sdeo'
1697 2291 1858 2383 diversis,
1883 2300 1925 2368 ut
1948 2291 2020 2368 sole
2039 2293 2211 2367 continea-

689 2419 748 2484 tur
779 2409 950 2484 soeiorum
981 2407 1157 2486 voluutete
1187 2411 1363 2487 evertendi
1393 2419 1609 2512 praesentem
1638 2435 1754 2488 rerum
1780 2412 1949 2487 ordinem.
1999 2412 2130 2486 Nostro
2152 2433 2212 2486 nos

660 2603 662 2608 .
690 2535 786 2604 setes
810 2528 1083 2606 luculentissime
1107 2531 1244 2622 docuit,
1273 2532 1426 2608 indolem
1454 2533 1635 2632 utriusque
1660 2531 1769 2632 pertis
1790 2530 2013 2608 stabilitatem
2043 2530 2211 2606 amicitiae

689 2673 862 2749 respuere.
912 2650 984 2725 Sed
1006 2651 1207 2728 notissimus
1229 2652 1301 2741 illi,
1325 2677 1416 2753 quae
1440 2660 1525 2730 tuno
1549 2653 1587 2728 in
1610 2653 1714 2728 breve
1738 2657 1878 2751 tempus
1899 2649 1987 2726 inita
2010 2658 2081 2738 est,
2107 2649 2210 2724 socie·

689 2767 760 2843 tati·
786 2768 1011 2846 tribuendum
1045 2778 1119 2860 est,
1152 2793 1373 2860 neronum,
1407 2771 1473 2846 etsi
1499 2769 1669 2846 libertatis
1691 2777 1867 2846 amantem
1890 2768 2004 2858 illius,
2028 2793 2119 2867 quae
2141 2775 2211 2844 toto

641 2964 644 2969 ⁴
689 2886 784 2962 coelo
809 2914 831 2964 a
853 2889 992 2965 licentis
1014 2890 1147 2981 differt,
1177 2899 1214 2966 et
1238 2916 1318 2967 vero
1339 2915 1593 2992 progressuum
1621 2889 1660 2966 in
1689 2890 1786 2968 omni
1809 2915 1913 2966 oense
1935 2889 2125 2978 vindicem,
2150 2889 2208 2964 he·

688 3007 804 3084 bitum
826 3033 902 3084 esse
924 3011 977 3086 vel
997 3011 1211 3089 laudatorem
1231 3012 1286 3089 vel
1308 3019 1400 3089 certe
1419 3033 1519 3089 reum
1539 3011 1717 3089 universes
1735 3009 2029 3089 summamus
2049 3009 2208 3098 redonis,

689 3137 795 3227 quam
819 3129 972 3206 multum
996 3131 1095 3207 abest
1121 3140 1163 3207 ut
1188 3132 1285 3207 omni
1311 3133 1451 3209 nomine
1473 3132 1637 3234 probarit.

738 3250 829 3327 Quis
850 3250 956 3325 fuerit
980 3250 1105 3327 horum
1125 3253 1283 3327 omnium
1305 3262 1467 3343 eventus,
1497 3253 1590 3353 fugit
1613 3252 1799 3329 neminem.
1850 3250 1983 3327 Rerum
2004 3251 2041 3325 in
2054 3250 2213 3325 ‘Francia

689 3372 903 3445 anno‘leuu
926 3372 1182 3447 conversionem
1206 3374 1342 3475 excepit
1361 3374 1484 3450 seditio
1503 3372 1759 3460 Bruxeliensis,
1784 3396 1875 3472 quse
1896 3371 1992 3447 brevi
2012 3394 2073 3471 per
2091 3392 2211 3443 omnes

687 3487 802 3587 Belgii
822 3496 940 3590 portes
964 3492 1123 3591 pervasit.
1172 3492 1255 3567 Non
1279 3492 1390 3569 solum
1416 3492 1565 3569 civitatis
1583 3491 1891 3580 odministretioni,
1910 3490 2093 3567 sedetiam
2118 3489 2207 3563 mul·

689 3617 804 3683 torum
835 3610 963 3686 civium
997 3611 1102 3689 suluti
1136 3614 1309 3712 curtisque
1346 3614 1516 3689 institutis
1549 3612 1697 3712 publicis
1729 3611 1975 3711 gravissimum
2006 3610 2209 3687 imminsbu

688 3727 892 3825 perieulum.
940 3730 989 3805 Et
1016 3731 1139 3807 borum
1175 3733 1318 3831 quidem
1343 3757 1423 3831 pers
1449 3732 1545 3809 baud
1574 3732 1700 3831 exigue
1726 3754 1886 3809 nurum
1914 3756 2017 3807 curse
2048 3730 2210 3807 mandute

671 3829 775 3941 'erat
823 3848 950 3946 Ituque
971 3850 1074 3924 officii
1097 3875 1230 3927 memor
1252 3852 1289 3927 in
1316 3853 1466 3928 maxima
1488 3851 1646 3927 omnium
1666 3851 1925 3951 perturbatione
1946 3852 2093 3951 ipsoque
2113 3872 2209 3925 uner-

559 3993 563 4001 ·
690 3964 768 4041 ebio
787 3973 944 4057 motum,
968 3978 1141 4067 quantum
1165 3968 1277 4043 turbis
1301 3969 1388 4069 eripi
1414 3969 1546 4069 potuit,
1571 3992 1703 4045 seruere
1733 3969 1778 4045 eb
1810 3969 1953 4045 interitu
1975 3976 2123 4045 constes
2147 3976 2210 4043 est.

690 4084 928 4163 Professorum
949 4087 1092 4189 originis
1112 4090 1281 4179 Bulsvee,
1305 4090 1424 4189 quiin
1446 4088 1561 4190 Belgii
1579 4088 1775 4165 Acodemiis
1796 4088 1943 4165 docendi
1964 4112 2109 4165 munere
2130 4085 2209 4163 lun·

690 4214 813 4305 gentes
843 4207 1028 4309 derepente
1056 4209 1101 4283 de
1126 4215 1221 4285 statu
1245 4234 1309 4286 suo
1338 4210 1463 4285 deiecti
1493 4216 1610 4298 erent,
1642 4207 1875 4285 conditionem
1896 4208 1943 4284 ad
1969 4232 2006 4283 se
2038 4207 2208 4307 pertinere

692 4326 900 4401 existimavit
926 4352 1055 4429 eosque
1075 4330 1209 4405 ratione
1238 4331 1324 4432 ipsis
1356 4330 1463 4430 digna
1493 4327 1738 4407 adscribendos
1764 4330 1897 4405 curavit
1920 4326 2121 4405 Academiis
2149 4352 2209 4427 pe·

692 4446 786 4535 triis,
815 4446 945 4545 quibus
970 4448 1064 4524 beud
1087 4449 1190 4549 pauci
1216 4474 1336 4527 eorum
1364 4450 1478 4527 decori
1507 4458 1542 4525 et
1568 4458 1768 4525 ornamento
1795 4448 1947 4526 luerunt.
1998 4449 2125 4546 Neque
2150 4470 2209 4521 ne·

692 4565 802 4665 glesit
823 4566 1001 4643 tbessuros
1021 4579 1185 4661 naturus,
1207 4570 1292 4646 artis
1312 4578 1348 4645 et
1368 4570 1570 4650 eruditionis
1590 4570 1625 4645 in
1646 4568 1871 4645 Bibliotbeeis
1892 4578 1928 4643 et
1947 4568 2084 4645 Museis
2102 4590 2208 4643 asser·
2258 4596 2260 4601 ¹

692 4692 808 4775 votos,
832 4708 943 4784 eaque
967 4685 1005 4761 in
1030 4712 1068 4762 re
1092 4712 1163 4763 non
1190 4691 1303 4789 magis
1326 4691 1503 4792 vigilantio
1529 4690 1604 4765 eius
1620 4703 1735 4789 'quam
1761 4687 1923 4763 honestas
1954 4695 2109 4787 spectata
2138 4695 2211 4773 est,

691 4806 843 4883 cumulis
876 4805 1024 4905 quippe,
1057 4814 1099 4883 ut
1131 4830 1221 4907 quse
1254 4810 1369 4912 Belgii
1399 4810 1595 4887 Aecdemiis
1631 4806 1684 4884 vel
1717 4806 1852 4885 Museis
1888 4808 1971 4883 deta
2000 4806 2211 4907 promisscue
