4959 6175
896 700 1173 775 ORATIO.
1667 748 1673 755 -
1745 700 1789 771 45

275 918 450 995 habebant
469 938 552 995 cum
571 900 826 993 insanientibus
847 914 980 1007 furere,
1004 939 1049 991 ne
1069 914 1133 991 soli
1149 914 1186 989 in
1209 912 1334 990 scholis
1352 910 1638 1009 relinquerentur,
1668 910 1798 1010 Itaque·

275 1020 492 1137 eloqiuentiee
526 1034 692 1136 magister
723 1032 808 1109 satis
840 1034 954 1133 lepide
985 1058 1067 1109 cum
1098 1034 1267 1134 piscatore
1299 1031 1489 1121 confertur,
1523 1029 1586 1130 qui
1613 1028 1682 1105 nisi
1714 1052 1793 1106 eum

273 1156 478 1258 imposuerit
503 1154 616 1231 hamis
642 1176 777 1242 escam,
798 1175 905 1250 quam
928 1151 1042 1260 scierit
1063 1151 1278 1252 adpetitores
1308 1177 1384 1228 esse
1407 1149 1609 1251 pisciculos,
1633 1148 1708 1225 sine
1731 1174 1793 1249 spe

273 1276 421 1378 praedne
441 1282 594 1351 moratur
612 1272 649 1348 in
670 1269 811 1370 scopulo
825 1272 896 1364 ¹⁸⁸).
944 1272 1137 1372 Aliquanto
1159 1273 1284 1348 melius
1304 1296 1380 1347 rem
1401 1294 1502 1346 suam
1521 1270 1634 1369 egisse
1654 1268 1794 1346 Cestius

274 1396 426 1484 videtur,
462 1392 583 1493 isqui
605 1382 781 1468 Cicerodis
814 1390 943 1467 actioni
973 1391 1112 1469 habitae
1144 1417 1208 1492 pro
1240 1392 1374 1469 Milone
1404 1390 1588 1490 rescripsit.
1637 1391 1693 1465 De
1721 1415 1792 1491 quo

274 1515 412 1590 homine
432 1513 555 1589 lesura
578 1520 633 1589 est
656 1512 806 1587 Senecae
829 1511 975 1587 rhetoris
995 1512 1161 1603 cambo,
1186 1538 1258 1612 qua
1279 1508 1420 1614 cognita
1449 1537 1561 1612 quum
1589 1511 1707 1613 ipsum
1730 1513 1792 1590 do·

273 1640 403 1709 ctorem
418 1630 772 1727 umbraticum,tum
797 1656 934 1709 scenam
957 1631 1195 1710 scholasticam
1213 1632 1339 1710 clarius
1361 1632 1459 1709 uobis
1480 1632 1792 1731 repraesentabitis.

275 1753 333 1829 Sic
354 1752 463 1851 igitur
483 1751 560 1827 ille:
589 1752 715 1828 cPueri
737 1751 808 1827 fere
830 1760 892 1828 aut
909 1752 1052 1828 iuvenes
1072 1752 1206 1829 scholas
1224 1752 1457 1852 frequentant.
1493 1753 1546 1828 Hi
1566 1777 1637 1828 non
1656 1760 1796 1829 tantum

275 1871 514 1949 disertissimis
534 1871 633 1963 viris,
657 1870 806 1949 Pollioni
823 1871 947 1947 Asinio
964 1880 1001 1947 et
1019 1874 1190 1949 Messalae
1210 1873 1360 1948 Corvino
1378 1880 1415 1948 et
1432 1872 1796 1961 Passieno,'0estium

275 2016 379 2068 suum
415 1988 637 2090 praeferunt,
675 1990 868 2066 sedetiam
902 1990 1060 2067 Ciceroni
1087 1991 1318 2091 praeferrent,
1353 1992 1422 2067 nisi
1455 1992 1587 2091 lapides
1621 1991 1794 2068 timerent.

276 2114 358 2193 Quo
381 2120 500 2187 tamen
522 2135 593 2187 uno
620 2110 723 2186 modo
744 2119 910 2210 possunt,
937 2111 1154 2210 praeferunt:
1186 2112 1292 2187 huius
1315 2112 1410 2187 enim
1432 2110 1699 2187 declamationes
1722 2111 1796 2186 edi·

276 2238 397 2321 scunt,
422 2230 516 2306 illius
540 2232 711 2307 orationes
735 2254 806 2305 non
825 2230 967 2329 legunt,
993 2230 1062 2305 nisi
1084 2255 1143 2306 eas
1167 2230 1297 2329 quibus
1322 2230 1462 2307 Cestius
1484 2230 1668 2329 rescripsit.
1716 2231 1794 2307 Me·

277 2350 364 2424 mini
377 2372 444 2423 vme
471 2348 598 2425 intrare
624 2348 775 2423 scholam
807 2348 903 2437 eius,
927 2372 1008 2424 cum
1029 2348 1235 2425 recitaturus
1262 2357 1354 2425 esset
1374 2350 1413 2423 in
1445 2349 1616 2425 Milonem
1646 2351 1796 2440 Cestius.

277 2469 331 2543 Er
354 2466 606 2541 consuetudine
628 2490 692 2541 sua
716 2464 892 2565 praefatus
914 2466 1073 2556 dicebat,
1100 2470 1143 2543 Si
1169 2468 1288 2544 Pirae
1317 2492 1441 2557 aaran,
1465 2469 1592 2544 meter
1618 2475 1799 2561 earem,ei

270 2588 497 2688 pantomimus
516 2610 640 2676 errem,
662 2585 849 2684 Bathyllus
867 2610 990 2677 amem,
1014 2590 1047 2663 ai
1066 2610 1187 2688 equae,
1211 2589 1293 2663 Mel
1297 2589 1304 2605 '
1343 2589 1380 2665 '.
1413 2588 1495 2663 Non
1513 2588 1671 2664 continui
1691 2590 1798 2666 bitem

276 2716 312 2785 et
334 2703 537 2782 exclamavi:
565 2708 607 2781 ur·
630 2706 744 2781 cloaca
764 2730 869 2797 erare,
896 2708 1176 2785 Marimaearer.
1193 2770 1194 2773 ,
1211 2694 1320 2784 Risus
1339 2708 1498 2784 omnium
1518 2706 1653 2809 ingens.
1691 2709 1798 2785 Scho-

276 2828 388 2905 lastici
414 2826 542 2903 intueri
566 2849 644 2922 me,
669 2825 750 2927 quis
772 2850 907 2918 assem,
933 2828 995 2927 qui
1014 2834 1088 2903 tam
1104 2852 1237 2904 crassas
1257 2828 1405 2905 eervices
1425 2828 1600 2906 baberem.
1638 2830 1798 2920 Cestius,

278 2946 437 3024 Ciceroni
461 2948 708 3050 responsurus,
741 2946 830 3023 mibi
850 2946 947 3047 quod
970 2946 1192 3049 responderet
1223 2970 1295 3024 non
1318 2947 1470 3039 invenit,
1496 2950 1558 3025 sed
1588 2950 1729 3050 negavit
1761 2975 1800 3027 ee

280 3076 539 3159 exsecuturum,
574 3068 643 3144 nisi
668 3065 816 3144 exissem
845 3067 1033 3145 dedomo.
1078 3064 1168 3170 ugo·
1187 3068 1312 3169 negavi
1345 3093 1403 3146 me
1430 3069 1475 3146 de
1504 3068 1628 3146 balneo
1658 3068 1800 3170 publico

282 3189 479 3278 exiturum,
501 3179 684 3289 nisilotus
709 3187 844 3265 essem''
864 3192 928 3285 ⁸⁷).

326 3309 376 3384 Et
398 3308 443 3402 de
467 3307 740 3408 scenisquidem
767 3307 1048 3388 scholasticorum
1073 3311 1157 3390 satis
1180 3313 1343 3391 vidimus.
1392 3314 1451 3389 Ad
1473 3312 1662 3390 dicendum
1682 3319 1800 3390 auum

175 3493 179 3500 .
279 3425 459 3532 quantam
478 3453 519 3506 ea
542 3429 716 3506 institutio
743 3430 944 3532 profecerit,
979 3432 1071 3508 ultro
1094 3432 1306 3532 perspicitis,
1330 3435 1376 3510 A.
1390 3434 1455 3509 A.l
1495 3435 1667 3523 Tantum,
1691 3440 1733 3507 ut
1752 3431 1800 3507 in

279 3549 392 3627 forum
414 3548 526 3650 quum
546 3549 756 3650 prodiissent
772 3550 1040 3654 adolescentuli,
1062 3559 1227 3652 putarent
1247 3576 1286 3627 ee
1303 3553 1341 3628 in
1362 3552 1470 3629 abram
1491 3560 1661 3628 terrarum
1680 3551 1800 3626 orbem

280 3670 430 3761 debias,
453 3671 602 3770 gesiaci
624 3670 685 3761 iis,
721 3694 811 3771 quae
836 3671 874 3747 in
900 3696 968 3748 usu
992 3680 1107 3764 erant,
1144 3697 1259 3773 neque
1283 3672 1486 3749 audiverant
1514 3666 1707 3772 quidquam
1733 3668 1801 3746 'neo

281 3790 436 3867 viderant
451 3791 514 3885 88).
564 3790 615 3868 At
639 3789 745 3870 ‘ndens
767 3789 966 3868 facundiam
989 3799 1105 3869 tamen
1128 3793 1318 3870 afferebant
1337 3801 1374 3868 et
1396 3792 1653 3892 eloquentiam?
1688 3791 1800 3882 Vero,
1928 3853 1931 3858 .

283 3909 490 4000 afferebant,
523 3909 668 3992 fractam
699 3910 828 3987 scilicet
861 3918 967 4013 atque
1003 3921 1218 4004 enervatam,
1255 3914 1362 3990 talem
1387 3913 1547 4002 omnino,
1571 3912 1672 3987 cuius
1700 3936 1800 3988 orna·

285 4031 443 4106 mentum
466 4029 677 4131 primarium
693 4037 785 4107 esset
817 4032 953 4110 infinita
982 4058 1092 4134 paene
1121 4041 1157 4110 et
1187 4039 1329 4110 renmsa
1346 4029 1558 4133 loquacitas.
1606 4033 1666 4107 Ad
1695 4057 1801 4132 quam

282 4149 422 4250 linguae
446 4149 697 4226 volubilitatem
726 4151 756 4225 si
788 4151 875 4250 quid
895 4150 983 4228 forte
1006 4154 1126 4230 deesse
1151 4149 1340 4245 videretur,
1363 4162 1500 4253 praesto
1529 4161 1628 4228 erant
1658 4159 1696 4227 et
1727 4160 1801 4229 erte

283 4293 348 4344 soa
382 4275 418 4343 et
444 4269 602 4369 exemplo
634 4266 895 4344 declamitantas
921 4271 1092 4346 Graeculi.
1121 4272 1304 4371 ‚Plerique
1326 4280 1478 4348 oratores
1502 4273 1611 4348 solem
1638 4272 1802 4348 orationis

284 4389 447 4466 urtutem
470 4389 617 4488 positam
646 4389 684 4464 in
708 4387 837 4464 crebris
864 4396 902 4464 et
924 4389 1057 4489 argutis
1084 4391 1264 4484 sententiis
1293 4391 1483 4491 putabant,
1509 4417 1596 4491 quas
1618 4391 1801 4492 praecipue

284 4507 320 4583 in
345 4508 509 4584 clausulis
534 4507 756 4598 adhiberent,
782 4511 822 4584 iat
843 4509 957 4585 omnis
983 4509 1078 4586 locus
1099 4507 1230 4586 in‘fine'
1255 4512 1425 4586 sermonis
1449 4511 1567 4586 feriret
1587 4536 1708 4587 aurern
1729 4514 1779 4605 ⁸⁹)
1791 4545 1801 4600 ;

285 4652 466 4728 quumque
492 4625 638 4730 grandia
673 4635 709 4702 et
745 4629 902 4704 sonantia
908 4658 920 4720 ς
935 4687 938 4696 .
954 4628 1098 4729 antiqua
1131 4637 1168 4704 et
1197 4628 1352 4708 obsoleta
1378 4631 1482 4708 verba
1512 4629 1729 4721 affectarent,
1764 4632 1802 4705 in

285 4746 480 4823 actionibus
496 4801 498 4803 -
513 4771 634 4822 eorum
666 4746 861 4846 quotidiani
885 4751 1024 4848 quoque
1048 4749 1225 4844 sermonis.
1238 4749 1341 4827 foeda
1368 4750 1598 4852 e'c'pudanda
1628 4751 1711 4829 vitia
1741 4750 1801 4825 de·

287 4867 607 4967 prehendebantur.
650 4865 1355 4964 Ueiien0.1aseiviaverborum,.·levtute
1373 4873 1642 4964 sententiarum,
1665 4868 1803 4948 licentia
