4959 6175
687 694 731 763 ii
1236 688 1265 761 L
1298 688 1338 758 ll.
1371 686 1656 755 STUFFKEN

689 898 919 1001 amplissime,
943 895 1009 973 tibi
1034 895 1242 973 demandato
1265 894 1469 997 gravimimo
1489 918 1530 971 ac
1551 892 1753 995 splendido,
1784 891 1942 993 impense
1965 891 2034 971 tibi
2054 895 2207 995 gratula-

690 1042 790 1111 mur,
810 1043 875 1095 nec
898 1016 1015 1093 minua
1039 1016 1179 1093 Civitati
1201 1014 1366 1092 laidonai
1388 1013 1667 1115 Academiaeque
1692 1012 1739 1091 da
1766 1018 1804 1089 te
1825 1011 1979 1089 &naula
2007 1020 2045 1089 et
2073 1014 2208 1092 Acade·

689 1140 782 1215 miae
805 1140 981 1215 Curatore.
1019 1136 1119 1211 Nulli
1138 1135 1360 1225 dubitamus,
1381 1135 1468 1235 quin
1488 1160 1572 1211 cum
1592 1133 1734 1234 collegia
1751 1131 1843 1222 tuin,
1867 1131 1951 1209 viria
1970 1132 2209 1235 amplissimia,

688 1258 898 1336 Academiae
917 1256 1165 1348 curatoribus,
1184 1280 1272 1356 quoe
1289 1256 1401 1333 aalvoa
1416 1280 1493 1331 eaeo
1511 1262 1548 1331 et
1562 1255 1754 1331 incolumen
1770 1276 1981 1353 magnopere
1996 1254 2209 1355 gaudemua,

689 1378 817 1479 gloriae
840 1377 916 1453 eius
939 1376 1103 1454 inservire
1134 1376 1375 1477 bonarumque
1399 1377 1528 1453 artium
1555 1384 1592 1453 et
1615 1376 1792 1451 literarum
1814 1372 1933 1449 studia
1961 1372 2081 1450 iurare
2105 1374 2209 1465 velia,

688 1498 979 1596 utilissimamque
1002 1497 1035 1573 ei
1056 1496 1276 1597 praebiturus
1295 1498 1344 1573 eia
1366 1521 1518 1598 operam.
1565 1495 1669 1573 Furit
1691 1494 1790 1571 Deua
1814 1501 1856 1569 ut
1876 1492 1939 1569 din
1961 1494 2093 1592 praeuia
2113 1494 2209 1570 Civi-

535 1682 539 1685 .
688 1618 771 1707 tati,
794 1618 1070 1717 Academiaeque
1094 1640 1212 1693 curam
1238 1640 1358 1717 genua,
1389 1616 1529 1717 vitaque
1552 1624 1615 1692 tna
1639 1615 1685 1691 ait
1707 1612 1916 1689 felicissima

740 1854 950 1945 Vobiscum,
975 1856 1125 1955 collegae
1147 1856 1450 1947 aestumatiaaimi,
1474 1857 1539 1931 vin'
1560 1853 1759 1942 clarissimi,
1781 1853 1968 1943 laetamur,
1988 1851 2100 1929 neutri
2116 1853 2209 1929 ordi·

688 1975 743 2051 nia
764 1974 937 2050 neminem
959 1975 1023 2050 boc
1040 1998 1132 2050 auno
1153 1983 1264 2051 morte
1288 1976 1391 2052 nobie
1413 2000 1490 2051 eoae
1511 1975 1704 2051 ademtam.
1752 1972 1974 2053 Clariodmua
1993 1980 2113 2049 autam
2131 1996 2206 2048 vari

688 2116 819 2183 aseer,
852 2094 913 2193 qni
938 2094 1232 2195 septuagesimum
1265 2094 1389 2170 aetatis
1418 2117 1552 2171 annum
1585 2092 1804 2192 impleverat,
1837 2090 1927 2167 rude
1960 2090 2110 2167 donatur
2141 2102 2205 2167 eat

685 2216 752 2289 Per
779 2214 919 2314 longam
942 2238 1113 2289 annornm
1137 2214 1261 2289 seriem
1291 2213 1516 2291 Academiam
1535 2220 1691 2289 noemam
1716 2210 1901 2311 insigniter
1924 2210 2059 2287 ornarit
2077 2210 2148 2300 vir,
2170 2220 2208 2287 ct

687 2335 773 2409 iuris
797 2342 833 2409 et
854 2333 1032 2409 literarum
1056 2334 1309 2432 elegantiorum
1333 2333 1479 2410 scientia
1507 2333 1735 2434 praecellens,
1758 2340 1795 2407 at
1821 2332 1867 2408 de
1891 2332 2075 2407 iuventute
2098 2330 2208 2408 Iuris·
2362 2363 2366 2370 ·

686 2452 890 2553 prudentiae
912 2477 1050 2552 operam
1075 2453 1179 2529 dante
1196 2453 1328 2554 optime
1350 2453 1506 2530 meritur.
1555 2452 1739 2529 Beneficiia
1762 2451 1799 2527 in
1825 2450 2052 2529 Academiam
2064 2450 2207 2528 collatio

687 2574 868 2651 cumulum
900 2572 1074 2664 adnot,
1092 2575 1302 2650 Cnrutorum
1332 2574 1551 2674 petentium,
1588 2582 1629 2649 ut
1665 2572 1874 2649 Proleeeoria
1909 2596 2058 2662 munna,
2098 2573 2207 2649 donec

687 2693 823 2769 vacanti
843 2692 1025 2769 cathedrae
1044 2701 1266 2795 prospectum
1292 2702 1403 2786 earet,
1426 2690 1523 2769 obire
1550 2701 1730 2794 pergeret,
1754 2693 1927 2770 voluntati
1953 2693 2203 2793 obtemperans.

688 2814 826 2890 Gratiae
852 2813 918 2889 tibi
940 2813 1098 2914 apruna,
1122 2814 1174 2889 vir
1196 2813 1403 2904 clunaaime,
1430 2815 1544 2915 quod,
1579 2838 1691 2915 quum
1710 2813 1784 2889 otio
1805 2812 1872 2889 tibi
1891 2812 1962 2889 irni
1982 2812 2117 2902 liceret,
2141 2812 2207 2891 boc

686 2958 775 3011 onne
800 2936 973 3035 enedpere
1007 2942 1043 3011 et
1072 2933 1241 3010 sustinere
1277 2934 1435 3024 voluisti,
1468 2934 1763 3035 quenadmodum
1793 2958 1990 3035 numquam
2023 2933 2207 3035 pepercisti

687 3052 816 3144 labori,
840 3077 912 3153 quo
937 3053 1082 3130 eximios
1106 3051 1239 3154 ingenii
1264 3053 1507 3155 doctrinaeque
1528 3054 1664 3132 fructur
1696 3080 1778 3133 cnm
1801 3054 1981 3158 discipulis
2012 3054 2205 3134 communi·

687 3197 794 3250 caree.
844 3174 950 3254 Quod
991 3175 1113 3274 quanti
1150 3173 1297 3267 facim,
1333 3183 1372 3252 et
1407 3199 1559 3276 quonam
1598 3177 1673 3252 loco
1709 3183 1747 3252 et
1780 3201 1928 3252 numero
1964 3184 2000 3251 tc
2036 3182 2205 3276 tuamque

686 3294 940 3372 institutionem
961 3295 1130 3387 habeant,
1149 3320 1263 3396 nuper
1279 3296 1408 3373 eximio
1427 3297 1532 3373 modo
1551 3295 1768 3374 decbrarrcnt
1785 3297 1889 3373 mrdti
1904 3296 2058 3374 cuiuuria
2073 3295 2206 3372 ordinis

686 3414 769 3505 viri,
794 3415 923 3515 qnibue
948 3423 984 3492 te
1005 3416 1090 3492 iuria
1125 3424 1343 3517 praeceptore
1366 3419 1421 3493 uti
1443 3419 1645 3520 configeret
1694 3420 1741 3494 In
1773 3418 1839 3495 boc
1860 3424 1981 3495 autem
2012 3417 2204 3497 admodum

684 3532 897 3611 delectamur
920 3560 1059 3627 omnen,
1083 3537 1178 3636 quod
1197 3535 1265 3612 tibi
1284 3539 1330 3614 ad
1351 3539 1498 3616 aliorum
1527 3518 1644 3615 studia
1673 3538 1841 3628 iuranda,
1871 3563 1985 3638 quum
2017 3562 2089 3615 non
2114 3536 2203 3613 deait

684 3654 792 3730 animi
809 3655 987 3746 voluntas,
1009 3655 1098 3732 vires
1115 3681 1258 3758 qaoque
1275 3645 1428 3758 corporie
1444 3666 1655 3760 anppctuntz
1675 3683 1767 3760 qnae
1786 3665 1828 3736 ut
1846 3657 1914 3734 tibi
1930 3657 1995 3734 diu
2013 3658 2202 3736 incolumes

686 3782 863 3850 serventur
885 3774 1003 3854 Deum
1026 3778 1127 3854 enixe
1152 3801 1344 3878 precamur

735 3890 857 3968 Rebus
879 3896 1052 3994 prosperis
1073 3904 1173 3996 grato
1197 3895 1315 3972 animo
1336 3896 1570 3972 memorandia
1593 3897 1896 3974 cnnnmarandum
1917 3901 1990 3986 eet,
2014 3895 2103 3972 viros
2129 3895 2201 3972 clu·

685 4010 840 4088 riaaimoe
875 4014 998 4090 aeuus
1034 4039 1139 4094 cauea
1182 4023 1285 4092 antea
1322 4015 1412 4092 rude
1449 4017 1613 4108 donam,
1650 4039 1925 4106 uranum,
1962 4038 2200 4102 murnum,

686 4153 944 4223 acnranmnn,
968 4157 1135 4225 curun,
1159 4135 1271 4211 calvos
1306 4159 1381 4210 asae
1407 4157 1546 4226 omnen,
1567 4160 1634 4213 nec
1665 4138 1771 4214 modo
1799 4138 1839 4214 in
1860 4137 1948 4212 ciria
1972 4159 2051 4213 caea
2082 4158 2200 4223 aenea,

686 4251 748 4328 aed
767 4277 907 4353 corpore
928 4259 964 4329 et
982 4254 1098 4332 animo
1117 4254 1250 4356 vigere:
1271 4279 1337 4332 nec
1353 4255 1459 4332 modo
1478 4257 1644 4334 memoria
1659 4257 1808 4334 recolere
1823 4256 1959 4334 laborea
1983 4254 2200 4332 laudabiliter

684 4373 858 4470 peractoc,
883 4375 945 4450 aed
960 4375 997 4450 in
1020 4375 1255 4452 doctrinarum
1271 4375 1397 4452 etudiie
1412 4401 1629 4476 perseverare
1650 4401 1841 4478 eorumque
1856 4377 1993 4454 fructur
2008 4374 2201 4452 identidem

646 4573 648 4578 ,
684 4491 846 4570 inlunem
862 4494 964 4572 edere
978 4495 1073 4572 baud
1087 4495 1311 4598 epernandoe
1336 4497 1445 4576 Quod
1455 4496 1522 4573 tibi
1533 4497 1571 4574 in
1586 4498 1707 4599 primia
1720 4498 1854 4575 dictum
1864 4498 1999 4598 accipe,
2011 4494 2199 4572 dadadme

684 4633 759 4686 var
779 4635 946 4705 nmunn,
968 4639 1075 4714 quem
1095 4641 1203 4718 prope
1227 4617 1487 4717 ocmgmmnm
1508 4619 1723 4697 admiramm
1752 4643 1895 4710 omuea,
1917 4641 2030 4718 quum
2054 4613 2199 4692 iuvenili

681 4729 803 4809 ardore
830 4733 1009 4812 literarum
1043 4737 1160 4815 atudia
1192 4745 1340 4816 trmtnre
1361 4737 1502 4839 ῑιιὶηηο
1523 4738 1686 4840 operibua
1715 4739 1898 4842 praedaria
1930 4738 2020 4816 bano
2051 4733 2198 4838 patmum

679 4859 833 4931 noctram
855 4879 978 4934 ornare
1001 4880 1135 4959 pergae.
