4959 6175
680 671 747 742 156
1004 707 1012 721 ·
1217 666 1244 734 1.
1279 666 1305 734 1.
1341 665 1376 735 P.
1412 663 1670 738 VALETON
1811 689 1816 704 ·

680 875 1030 960 celebratissimorum
1061 871 1180 947 nullus
1207 871 1293 946 haee
1324 871 1512 964 detexerit,
1546 897 1639 950 unus
1674 872 1825 973 populus
1859 874 2074 972 Israeliticus
2106 877 2215 954 sensit

682 1010 719 1079 et
742 997 924 1074 intellexit.
972 995 1032 1070 Au
1057 998 1160 1093 putet
1178 990 1305 1091 aliquis
1320 993 1439 1068 omnia
1456 993 1537 1084 illa,
1561 1018 1655 1070 mere
1676 993 1829 1094 poetica,
1854 993 1939 1070 alibi
1957 1021 2097 1096 quoque
2116 1021 2214 1099 repe·

681 1123 760 1210 riri,
785 1118 888 1219 quale
907 1123 962 1190 est
983 1113 1072 1190 illud
1092 1111 1316 1188 notissimum
1339 1113 1669 1216 Metamorphoseou
1690 1113 1851 1204 initium,
1876 1115 1973 1214 quod
1994 1117 2106 1215 specie
2131 1141 2215 1194 sane

682 1241 921 1326 simillimum,
949 1259 1071 1335 reapse
1100 1241 1177 1308 toto
1203 1233 1299 1308 coelo
1332 1233 1506 1310 dvereum
1539 1243 1615 1324 est,
1647 1233 1777 1334 quippe
1800 1233 1897 1334 quod
1921 1244 2033 1310 rante
2055 1261 2151 1314 mera
2178 1246 2215 1313 et

682 1372 792 1440 terras
825 1364 861 1434 et
891 1356 987 1456 quod
1013 1354 1103 1455 tegit
1135 1354 1254 1430 omnia
1277 1354 1437 1430 coelum’'
1460 1356 1564 1432 chaos
1596 1355 1704 1430 luisse
1734 1351 1837 1430 canet
1862 1362 1898 1430 et
1919 1355 1969 1430 eic
1991 1355 2059 1432 alia
2083 1357 2215 1457 plura?

683 1481 791 1563 Quod
811 1479 921 1579 igitur
944 1477 1073 1552 frustra
1096 1474 1237 1551 aliunde
1260 1482 1413 1575 peteret,
1439 1477 1607 1552 israelitis
1628 1475 1717 1551 illud
1738 1474 1843 1550 debet
1863 1476 2058 1552 humanum
2078 1503 2215 1578 genus,

681 1600 778 1703 quod
797 1601 917 1673 Deum
935 1597 1095 1672 omnium
1114 1620 1231 1670 rerum
1252 1603 1429 1672 auctorem
1446 1597 1646 1697 cognoverit
1666 1603 1728 1672 eut
1745 1595 1928 1696 cognitum
1947 1597 2075 1672 habere
2094 1599 2215 1697 possit.

731 1721 789 1796 Ne
819 1727 939 1794 contre
974 1715 1127 1816 putetis,
1161 1714 1369 1804 Auditores,
1405 1741 1462 1792 me
1492 1742 1565 1792 rem
1600 1717 1655 1792 his
1679 1717 1730 1792 ita
1755 1715 1953 1792 absolutam
1976 1725 2013 1792 et
2037 1719 2084 1792 ad
2108 1719 2218 1794 finem

684 1841 890 1943 perductam
909 1836 1081 1925 iudicare,
1103 1843 1145 1909 ut
1163 1834 1367 1934 theologicis
1382 1837 1646 1935 quaestionibus
1669 1835 1788 1912 nullus
1809 1836 1906 1912 locus
1926 1837 2143 1937 relinquatur
2163 1839 2219 1914 vel

684 1960 920 2060 metaphysica
940 1956 1118 2057 indagatio
1139 1955 1244 2056 plane
1268 1954 1315 2028 eit
1340 1956 1544 2054 spernenda.
1594 1953 1721 2032 Procul
1744 1953 1854 2052 dubio
1879 1955 1915 2028 in
1943 1955 2011 2030 Dei
2034 1964 2217 2047 naturam,

681 2083 871 2182 ipsumque
901 2075 1025 2150 mundi
1054 2073 1258 2162 creationis,
1294 2073 1348 2148 vel
1374 2098 1584 2175 quocunqne
1615 2075 1757 2150 tandem
1785 2075 1926 2150 nomine
1947 2099 2025 2152 eam
2048 2075 2217 2177 insignire

683 2201 790 2289 velis,
814 2198 966 2286 iactum,
991 2203 1163 2294 quantum
1186 2193 1258 2267 ullo
1282 2193 1387 2269 modo
1408 2195 1484 2270 fieri
1505 2194 1635 2294 possit,
1658 2205 1713 2270 est
1732 2195 2003 2294 inquirendum
2028 2196 2099 2272 late
2120 2203 2220 2297 patet

683 2317 945 2417 investigationi
974 2339 1118 2414 campus
1147 2339 1218 2412 qua
1247 2314 1343 2390 haud
1372 2316 1442 2391 scio
1464 2341 1510 2391 an
1538 2315 1625 2390 nihil
1646 2316 1787 2418 gravius
1811 2317 1993 2416 digniusve
2019 2317 2066 2392 sit
2085 2317 2218 2392 hubau-

685 2443 793 2530 dum,
828 2438 932 2512 modo
963 2428 1110 2510 rectem
1127 2435 1218 2509 viam
1251 2434 1405 2533 sequaris
1437 2435 1608 2534 iustisque
1645 2436 1754 2512 utaris
1787 2436 2017 2513 adminiculis.
2068 2439 2218 2513 Factum

683 2561 773 2638 illud
806 2568 881 2633 tum
916 2556 1015 2631 novis
1050 2555 1267 2655 argumentis
1301 2555 1518 2654 comprobari
1547 2565 1624 2632 turn
1656 2557 1850 2633 accuratius
1883 2557 2046 2658 cognosci
2073 2565 2111 2636 at
2140 2583 2220 2632 vero

685 2680 783 2758 nullo
807 2676 913 2752 modo
936 2675 1012 2750 tolli
1035 2682 1162 2775 potest.

735 2801 918 2876 Praeterea
937 2803 980 2869 ut
997 2819 1062 2870 neo
1085 2793 1278 2896 impeditur
1297 2793 1439 2870 ulterior
1459 2793 1503 2868 de
1523 2795 1601 2870 Deo
1622 2793 1819 2894 disquisitio
1840 2817 1905 2870 nec
1923 2805 2084 2872 accurate
2100 2821 2219 2872 rerum

686 2926 880 2998 creatarum
913 2915 1103 3014 legumque
1135 2915 1265 3014 quibus
1298 2921 1483 3004 tenentur,
1513 2915 1552 2990 id
1583 2923 1637 2990 est
1659 2914 1786 3016 egendi
1819 2915 1963 2992 rationis
1991 2941 2098 3016 quem
2118 2918 2220 2993 Deus

685 3046 762 3146 ipae
791 3042 829 3115 in
858 3038 992 3115 mundo
1023 3036 1267 3114 constituendo
1295 3035 1453 3135 sequitur
1473 3036 1682 3136 exploratio,
1708 3035 1981 3137 praecluduntur
2003 3045 2120 3113 tumen
2142 3062 2221 3138 gre·

686 3162 818 3239 vissimi
852 3184 983 3235 errores
1016 3160 1053 3233 in
1089 3183 1178 3259 quoe
1209 3166 1246 3232 et
1278 3157 1377 3233 facile
1412 3156 1578 3233 inciditur
1608 3165 1645 3233 et
1678 3158 1782 3233 multi
1813 3157 2022 3235 inciderunt.
2073 3159 2167 3233 Nam
2189 3158 2220 3233 si

683 3286 784 3363 Deus
816 3306 894 3357 vere
928 3279 1087 3355 omnium
1117 3302 1235 3353 rerum
1267 3286 1387 3353 auctor
1418 3285 1494 3367 est,
1527 3304 1592 3355 neo
1620 3279 1774 3355 mundus
1800 3302 1844 3353 ex
1869 3304 1906 3353 se
1929 3280 2006 3379 ipso
2028 3278 2221 3378 suaquevi

683 3411 841 3492 constet,
876 3426 941 3476 nec
970 3401 1069 3475 Deus
1098 3399 1173 3500 ipse
1201 3398 1368 3474 nonnisi
1397 3398 1433 3473 in
1458 3399 1593 3475 mundo
1619 3406 1762 3475 etcum
1787 3423 1829 3474 eo
1850 3424 1925 3475 esse
1949 3424 2051 3499 posse
2075 3422 2216 3475 censen·

686 3527 755 3602 dus
779 3534 844 3598 est.

734 3644 837 3719 Alius
862 3641 1006 3741 quidem
1033 3640 1156 3715 erroris
1184 3638 1254 3737 ipsi
1278 3646 1484 3714 accusantur
1509 3638 1687 3715 Israelitae
1713 3638 1767 3714 vel
1791 3640 1824 3715 ei
1858 3640 1984 3724 saltem
2008 3664 2129 3715 ansam
2157 3639 2219 3715 de·

687 3765 783 3839 disse
815 3762 1019 3865 creduntur,
1056 3760 1152 3859 quod
1173 3760 1291 3835 Deum
1323 3757 1492 3833 coluerint
1514 3759 1563 3834 ita
1585 3784 1691 3860 supra
1713 3758 1887 3837 mundum
1910 3760 2041 3835 elatum
2067 3770 2108 3834 ut
2128 3782 2219 3859 opus

689 3908 794 3959 suum
820 3881 922 3957 certis
946 3879 1335 3980 legibus‘adstrictum,
1360 3888 1537 3956 caeterum
1562 3879 1629 3955 sibi
1654 3880 1722 3979 ipsi
1748 3879 1928 3969 relictum,
1953 3889 2092 3955 tantum
2116 3880 2218 3978 qnasi

688 4028 707 4077 e
727 4001 918 4100 longinquo
938 3998 1157 4073 administret
1173 3997 1275 4095 eique
1291 3996 1362 4070 lere
1377 4021 1440 4096 per
1456 3998 1694 4097 exceptionem
1713 3999 1820 4075 adsit
1847 4000 1918 4075 Sed
1936 3998 2083 4089 frustra,
2104 4024 2218 4100 quum

687 4121 821 4209 omnia,
843 4143 992 4219 quorum
1013 4142 1125 4192 unum
1150 4118 1214 4192 hoc
1238 4116 1406 4216 allegasse
1427 4118 1591 4194 sufficiat:
1632 4120 1780 4195 cNonne
1805 4122 1918 4197 coelos
1939 4130 1976 4195 et
2000 4130 2126 4199 terram
2150 4145 2217 4219 ego

685 4241 838 4341 impleo?
862 4240 978 4338 inquit
1001 4238 1217 4325 Dominus,'’
1239 4236 1426 4313 ostendant
1449 4263 1509 4313 eos
1530 4239 1647 4315 Deum
1668 4241 1869 4340 cognovisse
1890 4266 1960 4315 non
1981 4241 2084 4340 longe
2103 4264 2214 4315 remo·

685 4371 764 4436 tum
791 4359 854 4435 sed
881 4360 1038 4460 proxime
1066 4357 1199 4433 ιιιιιιιιιο
1225 4356 1439 4447 adstantem,
1466 4358 1519 4433 vel
1538 4359 1657 4459 potius
1682 4362 1751 4435 vim
1777 4385 1876 4441 suam
1902 4362 1939 4435 in
1967 4362 2141 4453 mundum
2164 4362 2217 4437 ita

686 4489 902 4569 exerentem,
927 4487 966 4553 ut
989 4480 1034 4554 ab
1057 4504 1098 4553 eo
1120 4477 1324 4565 distinctus,
1345 4502 1415 4553 non
1437 4487 1615 4579 seperatus
1634 4488 1671 4556 et
1686 4482 1806 4581 procul
1822 4482 1955 4559 distans
1974 4482 2142 4557 dicendus
2157 4482 2214 4557 eit.

734 4600 835 4675 Haec
857 4608 975 4675 autem
1000 4598 1117 4675 omnia
1144 4596 1339 4686 Ιιιιὸιιιιι,
1364 4598 1492 4673 iterum
1515 4624 1653 4675 monere
1676 4602 1775 4677 lubet
1799 4611 1834 4677 at
1855 4602 1973 4693 liccat,
1998 4628 2068 4679 non
2091 4626 2214 4702 quem·

685 4721 877 4797 admodum
897 4720 1009 4794 'hodie
1036 4720 1078 4793 fit
1101 4728 1137 4793 et
1158 4727 1249 4793 recte
1272 4718 1333 4805 fit,
1358 4718 1404 4793 ed
1428 4718 1563 4795 sobolem
1594 4722 1707 4820 legem
1741 4723 1979 4823 exponebant,
2013 4724 2075 4799 sed
2106 4722 2216 4798 animi

686 4843 839 4943 quadarn
862 4840 1048 4916 intuitione
1071 4838 1338 4937 persentiebant.
1388 4842 1507 4938 Atque
1532 4841 1597 4919 loe
1620 4842 1728 4919 totius
1750 4868 1869 4919 eorum
1894 4846 2010 4921 cultus
2037 4852 2111 4921 erat
2133 4844 2215 4919 iun·
