<?xml version="1.0" encoding="UTF-8"?>
<!DOCTYPE html PUBLIC "-//W3C//DTD XHTML 1.0 Transitional//EN"
    "http://www.w3.org/TR/xhtml1/DTD/xhtml1-transitional.dtd">
<html xmlns="http://www.w3.org/1999/xhtml" xml:lang="en" lang="en">
 <head>
  <title>
</title>
<meta http-equiv="Content-Type" content="text/html;charset=utf-8" />
  <meta name='ocr-system' content='tesseract 3.04.00' />
  <meta name='ocr-capabilities' content='ocr_page ocr_carea ocr_par ocr_line ocrx_word'/>
</head>
<body>
  <div class='ocr_page' id='page_1' title='image "annalesacademic12unkngoog_0164.png"; bbox 0 0 4959 6175; ppageno 0'>
   <div class='ocr_carea' id='block_1_1' title="bbox 702 664 1695 738">
    <p class='ocr_par' dir='ltr' id='par_1_1' title="bbox 702 664 1695 738">
     <span class='ocr_line' id='line_1_1' title="bbox 702 664 1695 738; baseline -0.006 -1"><span class='ocrx_word' id='word_1_1' title='bbox 702 665 774 738; x_wconf 74' lang='lat'>154</span> <span class='ocrx_word' id='word_1_2' title='bbox 1247 667 1271 732; x_wconf 94' lang='lat' dir='ltr'>l.</span> <span class='ocrx_word' id='word_1_3' title='bbox 1307 667 1334 732; x_wconf 88' lang='lat'>1.</span> <span class='ocrx_word' id='word_1_4' title='bbox 1368 667 1403 732; x_wconf 86' lang='lat' dir='ltr'>P.</span> <span class='ocrx_word' id='word_1_5' title='bbox 1439 664 1695 735; x_wconf 78' lang='lat' dir='ltr'>VALETON</span> 
     </span>
    </p>
   </div>
   <div class='ocr_carea' id='block_1_2' title="bbox 689 871 2240 2297">
    <p class='ocr_par' dir='ltr' id='par_1_2' title="bbox 698 871 2240 1215">
     <span class='ocr_line' id='line_1_2' title="bbox 755 871 2239 974; baseline -0.003 -19"><span class='ocrx_word' id='word_1_6' title='bbox 755 874 864 957; x_wconf 80' lang='lat' dir='ltr'>Quod</span> <span class='ocrx_word' id='word_1_7' title='bbox 885 881 1006 952; x_wconf 78' lang='lat' dir='ltr'>autern</span> <span class='ocrx_word' id='word_1_8' title='bbox 1031 871 1153 974; x_wconf 86' lang='lat' dir='ltr'>populi</span> <span class='ocrx_word' id='word_1_9' title='bbox 1177 871 1360 948; x_wconf 76' lang='lat' dir='ltr'>Ianelitioi</span> <span class='ocrx_word' id='word_1_10' title='bbox 1383 873 1566 972; x_wconf 58' lang='lat' dir='ltr'>muueris</span> <span class='ocrx_word' id='word_1_11' title='bbox 1590 874 1701 950; x_wconf 81' lang='lat' dir='ltr'>virtus</span> <span class='ocrx_word' id='word_1_12' title='bbox 1723 873 1761 950; x_wconf 91' lang='lat' dir='ltr'>in</span> <span class='ocrx_word' id='word_1_13' title='bbox 1785 871 1862 950; x_wconf 83' lang='lat' dir='ltr'>Deo</span> <span class='ocrx_word' id='word_1_14' title='bbox 1882 871 2027 950; x_wconf 86' lang='lat' dir='ltr'>nolendo</span> <span class='ocrx_word' id='word_1_15' title='bbox 2050 871 2239 971; x_wconf 86' lang='lat' dir='ltr'>oonspioue</span> 
     </span>
     <span class='ocr_line' id='line_1_3' title="bbox 702 992 2240 1094; baseline -0.003 -20"><span class='ocrx_word' id='word_1_16' title='bbox 702 1021 782 1074; x_wconf 83' lang='lat' dir='ltr'>esse</span> <span class='ocrx_word' id='word_1_17' title='bbox 798 995 887 1072; x_wconf 88' lang='lat' dir='ltr'>milri</span> <span class='ocrx_word' id='word_1_18' title='bbox 905 995 1061 1084; x_wconf 80' lang='lat' dir='ltr'>videtur,</span> <span class='ocrx_word' id='word_1_19' title='bbox 1086 992 1263 1094; x_wconf 88' lang='lat' dir='ltr'>quomodo</span> <span class='ocrx_word' id='word_1_20' title='bbox 1283 992 1433 1094; x_wconf 85' lang='lat' dir='ltr'>deniquo</span> <span class='ocrx_word' id='word_1_21' title='bbox 1453 993 1498 1070; x_wconf 88' lang='lat' dir='ltr'>ab</span> <span class='ocrx_word' id='word_1_22' title='bbox 1519 993 1563 1070; x_wconf 86' lang='lat' dir='ltr'>iia</span> <span class='ocrx_word' id='word_1_23' title='bbox 1584 995 1666 1072; x_wconf 85' lang='lat' dir='ltr'>ferri</span> <span class='ocrx_word' id='word_1_24' title='bbox 1688 1014 1791 1094; x_wconf 80' lang='lat' dir='ltr'>ponsa</span> <span class='ocrx_word' id='word_1_25' title='bbox 1815 992 1999 1074; x_wconf 73' lang='lat' dir='ltr'><strong>eradamus</strong></span> <span class='ocrx_word' id='word_1_26' title='bbox 2019 992 2081 1092; x_wconf 85' lang='lat' dir='ltr'>qui</span> <span class='ocrx_word' id='word_1_27' title='bbox 2104 993 2151 1070; x_wconf 90' lang='lat' dir='ltr'>de</span> <span class='ocrx_word' id='word_1_28' title='bbox 2170 993 2240 1070; x_wconf 90' lang='lat' dir='ltr'>Dei</span> 
     </span>
     <span class='ocr_line' id='line_1_4' title="bbox 698 1113 2238 1215; baseline -0.003 -21"><span class='ocrx_word' id='word_1_29' title='bbox 698 1115 907 1206; x_wconf 69' lang='lat' dir='ltr'><strong>existentia,</strong></span> <span class='ocrx_word' id='word_1_30' title='bbox 930 1122 1076 1204; x_wconf 83' lang='lat' dir='ltr'>nature,</span> <span class='ocrx_word' id='word_1_31' title='bbox 1100 1139 1183 1192; x_wconf 88' lang='lat' dir='ltr'>eum</span> <span class='ocrx_word' id='word_1_32' title='bbox 1202 1114 1337 1190; x_wconf 92' lang='lat' dir='ltr'>mundo</span> <span class='ocrx_word' id='word_1_33' title='bbox 1351 1113 1607 1192; x_wconf 78' lang='lat' dir='ltr'>nmeasitudine</span> <span class='ocrx_word' id='word_1_34' title='bbox 1627 1115 1760 1215; x_wconf 91' lang='lat' dir='ltr'>aliquid</span> <span class='ocrx_word' id='word_1_35' title='bbox 1780 1114 1944 1192; x_wconf 76' lang='lat' dir='ltr'>offirmari</span> <span class='ocrx_word' id='word_1_36' title='bbox 1965 1137 2067 1214; x_wconf 83' lang='lat' dir='ltr'>posse</span> <span class='ocrx_word' id='word_1_37' title='bbox 2081 1115 2238 1214; x_wconf 77' lang='lat' dir='ltr'>nogenti</span> 
     </span>
    </p>

    <p class='ocr_par' dir='ltr' id='par_1_3' title="bbox 702 1234 2238 1456">
     <span class='ocr_line' id='line_1_5' title="bbox 752 1234 2238 1344; baseline -0.004 -28"><span class='ocrx_word' id='word_1_38' title='bbox 752 1236 895 1316; x_wconf 80' lang='lat' dir='ltr'>Quibus</span> <span class='ocrx_word' id='word_1_39' title='bbox 922 1234 1088 1312; x_wconf 88' lang='lat' dir='ltr'>omnibus</span> <span class='ocrx_word' id='word_1_40' title='bbox 1120 1234 1308 1344; x_wconf 33' lang='lat' dir='ltr'>equidem&amp;</span> <span class='ocrx_word' id='word_1_41' title='bbox 1338 1234 1412 1310; x_wconf 84' lang='lat' dir='ltr'>sine</span> <span class='ocrx_word' id='word_1_42' title='bbox 1442 1236 1639 1336; x_wconf 71' lang='lat' dir='ltr'>arrogantia</span> <span class='ocrx_word' id='word_1_43' title='bbox 1667 1236 1803 1314; x_wconf 87' lang='lat' dir='ltr'>dietum</span> <span class='ocrx_word' id='word_1_44' title='bbox 1829 1234 1954 1326; x_wconf 81' lang='lat' dir='ltr'>velim,</span> <span class='ocrx_word' id='word_1_45' title='bbox 1984 1234 2073 1334; x_wconf 92' lang='lat' dir='ltr'>quid</span> <span class='ocrx_word' id='word_1_46' title='bbox 2096 1259 2238 1335; x_wconf 81' lang='lat' dir='ltr'>respon·</span> 
     </span>
     <span class='ocr_line' id='line_1_6' title="bbox 702 1353 2012 1456; baseline -0.003 -22"><span class='ocrx_word' id='word_1_47' title='bbox 702 1357 807 1434; x_wconf 81' lang='lat' dir='ltr'>deam</span> <span class='ocrx_word' id='word_1_48' title='bbox 828 1357 952 1434; x_wconf 88' lang='lat' dir='ltr'>habeo.</span> <span class='ocrx_word' id='word_1_49' title='bbox 1001 1358 1054 1431; x_wconf 91' lang='lat' dir='ltr'>At</span> <span class='ocrx_word' id='word_1_50' title='bbox 1074 1381 1146 1432; x_wconf 91' lang='lat' dir='ltr'>non</span> <span class='ocrx_word' id='word_1_51' title='bbox 1174 1362 1230 1430; x_wconf 88' lang='lat' dir='ltr'>est</span> <span class='ocrx_word' id='word_1_52' title='bbox 1251 1353 1356 1430; x_wconf 84' lang='lat' dir='ltr'>huius</span> <span class='ocrx_word' id='word_1_53' title='bbox 1381 1354 1448 1432; x_wconf 88' lang='lat' dir='ltr'>looi</span> <span class='ocrx_word' id='word_1_54' title='bbox 1472 1381 1586 1456; x_wconf 88' lang='lat' dir='ltr'>neque</span> <span class='ocrx_word' id='word_1_55' title='bbox 1607 1355 1729 1455; x_wconf 85' lang='lat' dir='ltr'>psuois</span> <span class='ocrx_word' id='word_1_56' title='bbox 1750 1353 2012 1430; x_wconf 83' lang='lat' dir='ltr'>absolvendum.</span> 
     </span>
    </p>

    <p class='ocr_par' dir='ltr' id='par_1_4' title="bbox 699 1473 2239 1815">
     <span class='ocr_line' id='line_1_7' title="bbox 751 1473 2239 1578; baseline 0 -26"><span class='ocrx_word' id='word_1_57' title='bbox 751 1477 833 1552; x_wconf 87' lang='lat' dir='ltr'>Nisi</span> <span class='ocrx_word' id='word_1_58' title='bbox 854 1477 964 1578; x_wconf 81' lang='lat' dir='ltr'>igitur</span> <span class='ocrx_word' id='word_1_59' title='bbox 991 1501 1133 1553; x_wconf 86' lang='lat' dir='ltr'>oausam</span> <span class='ocrx_word' id='word_1_60' title='bbox 1159 1475 1355 1574; x_wconf 77' lang='lat' dir='ltr'>relinquere</span> <span class='ocrx_word' id='word_1_61' title='bbox 1379 1475 1503 1565; x_wconf 81' lang='lat' dir='ltr'>velim,</span> <span class='ocrx_word' id='word_1_62' title='bbox 1529 1476 1644 1576; x_wconf 91' lang='lat' dir='ltr'>quod,</span> <span class='ocrx_word' id='word_1_63' title='bbox 1663 1475 1816 1574; x_wconf 81' lang='lat' dir='ltr'>ingenue</span> <span class='ocrx_word' id='word_1_64' title='bbox 1841 1473 1976 1563; x_wconf 80' lang='lat' dir='ltr'>intuor,</span> <span class='ocrx_word' id='word_1_65' title='bbox 2000 1474 2088 1550; x_wconf 89' lang='lat' dir='ltr'>mihi</span> <span class='ocrx_word' id='word_1_66' title='bbox 2115 1473 2239 1574; x_wconf 81' lang='lat' dir='ltr'>religio</span> 
     </span>
     <span class='ocr_line' id='line_1_8' title="bbox 702 1593 2236 1696; baseline 0 -24"><span class='ocrx_word' id='word_1_67' title='bbox 702 1602 773 1686; x_wconf 90' lang='lat' dir='ltr'>est,</span> <span class='ocrx_word' id='word_1_68' title='bbox 811 1597 897 1696; x_wconf 90' lang='lat' dir='ltr'>quid</span> <span class='ocrx_word' id='word_1_69' title='bbox 931 1603 1038 1672; x_wconf 89' lang='lat' dir='ltr'>restat</span> <span class='ocrx_word' id='word_1_70' title='bbox 1071 1597 1168 1672; x_wconf 88' lang='lat' dir='ltr'>aliud</span> <span class='ocrx_word' id='word_1_71' title='bbox 1205 1620 1314 1694; x_wconf 87' lang='lat' dir='ltr'>quom</span> <span class='ocrx_word' id='word_1_72' title='bbox 1339 1604 1381 1670; x_wconf 90' lang='lat' dir='ltr'>ut</span> <span class='ocrx_word' id='word_1_73' title='bbox 1404 1596 1442 1672; x_wconf 92' lang='lat' dir='ltr'>in</span> <span class='ocrx_word' id='word_1_74' title='bbox 1466 1621 1508 1674; x_wconf 86' lang='lat' dir='ltr'>es</span> <span class='ocrx_word' id='word_1_75' title='bbox 1531 1596 1661 1673; x_wconf 87' lang='lat' dir='ltr'>tuenda</span> <span class='ocrx_word' id='word_1_76' title='bbox 1682 1595 1730 1676; x_wconf 77' lang='lat' dir='ltr'>od</span> <span class='ocrx_word' id='word_1_77' title='bbox 1756 1602 1931 1684; x_wconf 81' lang='lat' dir='ltr'>vestrum,</span> <span class='ocrx_word' id='word_1_78' title='bbox 1956 1594 2147 1670; x_wconf 88' lang='lat' dir='ltr'>Auditores</span> <span class='ocrx_word' id='word_1_79' title='bbox 2172 1593 2236 1672; x_wconf 84' lang='lat' dir='ltr'>hu·</span> 
     </span>
     <span class='ocr_line' id='line_1_9' title="bbox 699 1713 1449 1815; baseline -0.005 -21"><span class='ocrx_word' id='word_1_80' title='bbox 699 1716 917 1806; x_wconf 74' lang='lat' dir='ltr'>nannoni,</span> <span class='ocrx_word' id='word_1_81' title='bbox 941 1713 1219 1792; x_wconf 76' lang='lat' dir='ltr'>benevolentiam</span> <span class='ocrx_word' id='word_1_82' title='bbox 1243 1716 1449 1815; x_wconf 80' lang='lat' dir='ltr'>provooem?</span> 
     </span>
    </p>

    <p class='ocr_par' dir='ltr' id='par_1_5' title="bbox 689 1832 2236 2297">
     <span class='ocr_line' id='line_1_10' title="bbox 750 1832 2236 1934; baseline -0.006 -17"><span class='ocrx_word' id='word_1_83' title='bbox 750 1836 1061 1917; x_wconf 78' lang='lat' dir='ltr'>Quemadmodum</span> <span class='ocrx_word' id='word_1_84' title='bbox 1093 1836 1187 1911; x_wconf 88' lang='lat' dir='ltr'>enim</span> <span class='ocrx_word' id='word_1_85' title='bbox 1223 1835 1299 1934; x_wconf 88' lang='lat' dir='ltr'>ipae</span> <span class='ocrx_word' id='word_1_86' title='bbox 1329 1833 1504 1934; x_wconf 90' lang='lat' dir='ltr'>quidquid</span> <span class='ocrx_word' id='word_1_87' title='bbox 1534 1833 1723 1934; x_wconf 84' lang='lat' dir='ltr'>unicuique</span> <span class='ocrx_word' id='word_1_88' title='bbox 1749 1834 1941 1911; x_wconf 87' lang='lat' dir='ltr'>sententiae</span> <span class='ocrx_word' id='word_1_89' title='bbox 1966 1832 2126 1911; x_wconf 75' lang='lat' dir='ltr'>veniatis</span> <span class='ocrx_word' id='word_1_90' title='bbox 2150 1833 2236 1912; x_wconf 83' lang='lat' dir='ltr'>insit</span> 
     </span>
     <span class='ocr_line' id='line_1_11' title="bbox 699 1954 2235 2057; baseline -0.003 -25"><span class='ocrx_word' id='word_1_91' title='bbox 699 1957 826 2033; x_wconf 89' lang='lat' dir='ltr'>lubens</span> <span class='ocrx_word' id='word_1_92' title='bbox 848 1981 1035 2056; x_wconf 78' lang='lat' dir='ltr'>agnoscere</span> <span class='ocrx_word' id='word_1_93' title='bbox 1060 1956 1185 2057; x_wconf 88' lang='lat' dir='ltr'>eopia,</span> <span class='ocrx_word' id='word_1_94' title='bbox 1209 1956 1260 2031; x_wconf 79' lang='lat' dir='ltr'>ita</span> <span class='ocrx_word' id='word_1_95' title='bbox 1280 1979 1409 2054; x_wconf 83' lang='lat' dir='ltr'>magua</span> <span class='ocrx_word' id='word_1_96' title='bbox 1434 1955 1523 2030; x_wconf 88' lang='lat' dir='ltr'>milri</span> <span class='ocrx_word' id='word_1_97' title='bbox 1548 1981 1628 2055; x_wconf 87' lang='lat' dir='ltr'>spes</span> <span class='ocrx_word' id='word_1_98' title='bbox 1652 1964 1706 2030; x_wconf 86' lang='lat' dir='ltr'>ast</span> <span class='ocrx_word' id='word_1_99' title='bbox 1724 1954 1797 2034; x_wconf 82' lang='lat' dir='ltr'>iore</span> <span class='ocrx_word' id='word_1_100' title='bbox 1819 1963 1861 2032; x_wconf 90' lang='lat' dir='ltr'>ut</span> <span class='ocrx_word' id='word_1_101' title='bbox 1882 1980 1943 2032; x_wconf 87' lang='lat' dir='ltr'>vos</span> <span class='ocrx_word' id='word_1_102' title='bbox 1963 1959 2098 2030; x_wconf 87' lang='lat' dir='ltr'>attenta</span> <span class='ocrx_word' id='word_1_103' title='bbox 2117 1959 2235 2030; x_wconf 88' lang='lat' dir='ltr'>mente</span> 
     </span>
     <span class='ocr_line' id='line_1_12' title="bbox 689 2072 2235 2178; baseline -0.003 -26"><span class='ocrx_word' id='word_1_104' title='bbox 689 2077 787 2178; x_wconf 72' lang='lat' dir='ltr'>quid</span> <span class='ocrx_word' id='word_1_105' title='bbox 807 2077 848 2152; x_wconf 91' lang='lat' dir='ltr'>in</span> <span class='ocrx_word' id='word_1_106' title='bbox 873 2077 1031 2152; x_wconf 88' lang='lat' dir='ltr'>medium</span> <span class='ocrx_word' id='word_1_107' title='bbox 1053 2076 1302 2177; x_wconf 81' lang='lat' dir='ltr'>proferendum</span> <span class='ocrx_word' id='word_1_108' title='bbox 1329 2075 1477 2152; x_wconf 83' lang='lat' dir='ltr'>habeam</span> <span class='ocrx_word' id='word_1_109' title='bbox 1501 2075 1622 2151; x_wconf 74' lang='lat' dir='ltr'>eudue</span> <span class='ocrx_word' id='word_1_110' title='bbox 1648 2075 1761 2154; x_wconf 89' lang='lat' dir='ltr'>velitis</span> <span class='ocrx_word' id='word_1_111' title='bbox 1784 2083 1820 2154; x_wconf 89' lang='lat' dir='ltr'>et</span> <span class='ocrx_word' id='word_1_112' title='bbox 1843 2075 1915 2152; x_wconf 87' lang='lat' dir='ltr'>aive</span> <span class='ocrx_word' id='word_1_113' title='bbox 1938 2081 2030 2150; x_wconf 86' lang='lat' dir='ltr'>reete</span> <span class='ocrx_word' id='word_1_114' title='bbox 2045 2072 2119 2150; x_wconf 82' lang='lat' dir='ltr'>sire</span> <span class='ocrx_word' id='word_1_115' title='bbox 2136 2097 2235 2152; x_wconf 84' lang='lat' dir='ltr'>secur</span> 
     </span>
     <span class='ocr_line' id='line_1_13' title="bbox 699 2195 1754 2297; baseline -0.002 -23"><span class='ocrx_word' id='word_1_116' title='bbox 699 2197 813 2274; x_wconf 82' lang='lat' dir='ltr'>diuers</span> <span class='ocrx_word' id='word_1_117' title='bbox 836 2197 936 2272; x_wconf 81' lang='lat' dir='ltr'>robis</span> <span class='ocrx_word' id='word_1_118' title='bbox 962 2196 1080 2273; x_wconf 85' lang='lat' dir='ltr'>videar</span> <span class='ocrx_word' id='word_1_119' title='bbox 1103 2197 1235 2297; x_wconf 81' lang='lat' dir='ltr'>linguis</span> <span class='ocrx_word' id='word_1_120' title='bbox 1259 2195 1455 2296; x_wconf 78' lang='lat' dir='ltr'>animisque</span> <span class='ocrx_word' id='word_1_121' title='bbox 1481 2195 1636 2272; x_wconf 84' lang='lat' dir='ltr'>laventis.</span> <span class='ocrx_word' id='word_1_122' title='bbox 1751 2217 1754 2224; x_wconf 87' lang='lat'>·</span> 
     </span>
    </p>
   </div>
   <div class='ocr_carea' id='block_1_3' title="bbox 549 2425 2233 2534">
    <p class='ocr_par' dir='ltr' id='par_1_6' title="bbox 549 2425 2233 2534">
     <span class='ocr_line' id='line_1_14' title="bbox 549 2425 2233 2534; baseline 0 -23"><span class='ocrx_word' id='word_1_123' title='bbox 549 2425 582 2444; x_wconf 56' lang='lat'>&#39;⁸</span> <span class='ocrx_word' id='word_1_124' title='bbox 744 2435 923 2534; x_wconf 87' lang='lat' dir='ltr'>Populum</span> <span class='ocrx_word' id='word_1_125' title='bbox 946 2434 1137 2534; x_wconf 82' lang='lat' dir='ltr'>quemdem</span> <span class='ocrx_word' id='word_1_126' title='bbox 1162 2433 1364 2510; x_wconf 81' lang='lat' dir='ltr'>universum</span> <span class='ocrx_word' id='word_1_127' title='bbox 1390 2457 1502 2532; x_wconf 91' lang='lat' dir='ltr'>quum</span> <span class='ocrx_word' id='word_1_128' title='bbox 1526 2441 1744 2534; x_wconf 78' lang='lat' dir='ltr'>spectamus,</span> <span class='ocrx_word' id='word_1_129' title='bbox 1770 2433 1829 2510; x_wconf 82' lang='lat' dir='ltr'>vix</span> <span class='ocrx_word' id='word_1_130' title='bbox 1851 2457 1941 2533; x_wconf 85' lang='lat' dir='ltr'>opus</span> <span class='ocrx_word' id='word_1_131' title='bbox 1963 2441 2017 2508; x_wconf 88' lang='lat' dir='ltr'>est</span> <span class='ocrx_word' id='word_1_132' title='bbox 2038 2431 2137 2508; x_wconf 89' lang='lat' dir='ltr'>diotu</span> <span class='ocrx_word' id='word_1_133' title='bbox 2162 2456 2233 2512; x_wconf 88' lang='lat' dir='ltr'>non</span> 
     </span>
    </p>
   </div>
   <div class='ocr_carea' id='block_1_4' title="bbox 591 2545 2233 4821">
    <p class='ocr_par' dir='ltr' id='par_1_7' title="bbox 591 2545 2233 4458">
     <span class='ocr_line' id='line_1_15' title="bbox 695 2545 2233 2656; baseline 0 -26"><span class='ocrx_word' id='word_1_134' title='bbox 695 2545 820 2630; x_wconf 89' lang='lat' dir='ltr'>omnie&#39;</span> <span class='ocrx_word' id='word_1_135' title='bbox 841 2578 1072 2656; x_wconf 86' lang='lat' dir='ltr'>quaeeunque</span> <span class='ocrx_word' id='word_1_136' title='bbox 1096 2553 1142 2628; x_wconf 89' lang='lat' dir='ltr'>de</span> <span class='ocrx_word' id='word_1_137' title='bbox 1166 2579 1209 2628; x_wconf 86' lang='lat' dir='ltr'>ao</span> <span class='ocrx_word' id='word_1_138' title='bbox 1235 2554 1479 2654; x_wconf 88' lang='lat' dir='ltr'>praedioentur</span> <span class='ocrx_word' id='word_1_139' title='bbox 1505 2579 1615 2654; x_wconf 86' lang='lat' dir='ltr'>neque</span> <span class='ocrx_word' id='word_1_140' title='bbox 1635 2554 1673 2628; x_wconf 92' lang='lat' dir='ltr'>in</span> <span class='ocrx_word' id='word_1_141' title='bbox 1694 2553 1843 2654; x_wconf 82' lang='lat' dir='ltr'>singulis</span> <span class='ocrx_word' id='word_1_142' title='bbox 1862 2552 1909 2628; x_wconf 90' lang='lat' dir='ltr'>ad</span> <span class='ocrx_word' id='word_1_143' title='bbox 1932 2577 2044 2628; x_wconf 89' lang='lat' dir='ltr'>unum</span> <span class='ocrx_word' id='word_1_144' title='bbox 2067 2551 2233 2638; x_wconf 85' lang='lat' dir='ltr'>omnibus</span> 
     </span>
     <span class='ocr_line' id='line_1_16' title="bbox 591 2672 2233 2774; baseline 0.001 -26"><span class='ocrx_word' id='word_1_145' title='bbox 591 2681 597 2689; x_wconf 86' lang='grc'><strong>“</strong></span> <span class='ocrx_word' id='word_1_146' title='bbox 695 2673 790 2748; x_wconf 89' lang='lat' dir='ltr'>illius</span> <span class='ocrx_word' id='word_1_147' title='bbox 815 2673 950 2748; x_wconf 85' lang='lat' dir='ltr'>nivibus</span> <span class='ocrx_word' id='word_1_148' title='bbox 975 2699 1051 2750; x_wconf 89' lang='lat' dir='ltr'>esse</span> <span class='ocrx_word' id='word_1_149' title='bbox 1074 2674 1272 2773; x_wconf 86' lang='lat' dir='ltr'>oonapicua.</span> <span class='ocrx_word' id='word_1_150' title='bbox 1325 2674 1416 2749; x_wconf 90' lang='lat' dir='ltr'>Sunt</span> <span class='ocrx_word' id='word_1_151' title='bbox 1443 2699 1580 2774; x_wconf 85' lang='lat' dir='ltr'>semper</span> <span class='ocrx_word' id='word_1_152' title='bbox 1604 2674 1668 2748; x_wconf 88' lang='lat' dir='ltr'>viri</span> <span class='ocrx_word' id='word_1_153' title='bbox 1690 2673 1850 2750; x_wconf 91' lang='lat' dir='ltr'>nonnulli</span> <span class='ocrx_word' id='word_1_154' title='bbox 1875 2697 1958 2773; x_wconf 91' lang='lat' dir='ltr'>pree</span> <span class='ocrx_word' id='word_1_155' title='bbox 1981 2672 2124 2772; x_wconf 85' lang='lat' dir='ltr'>reliquia</span> <span class='ocrx_word' id='word_1_156' title='bbox 2144 2672 2233 2750; x_wconf 90' lang='lat' dir='ltr'>emi·</span> 
     </span>
     <span class='ocr_line' id='line_1_17' title="bbox 694 2785 2230 2896; baseline 0 -28"><span class='ocrx_word' id='word_1_157' title='bbox 694 2801 820 2870; x_wconf 90' lang='lat' dir='ltr'>nentes</span> <span class='ocrx_word' id='word_1_158' title='bbox 837 2794 1037 2894; x_wconf 83' lang='lat' dir='ltr'>primasque</span> <span class='ocrx_word' id='word_1_159' title='bbox 1060 2803 1177 2894; x_wconf 84' lang='lat' dir='ltr'>partas</span> <span class='ocrx_word' id='word_1_160' title='bbox 1200 2802 1364 2894; x_wconf 85' lang='lat' dir='ltr'>egentes,</span> <span class='ocrx_word' id='word_1_161' title='bbox 1387 2795 1449 2894; x_wconf 92' lang='lat' dir='ltr'>qui</span> <span class='ocrx_word' id='word_1_162' title='bbox 1467 2793 1595 2896; x_wconf 80' lang='lat' dir='ltr'>partim</span> <span class='ocrx_word' id='word_1_163' title='bbox 1611 2795 1755 2894; x_wconf 90' lang='lat' dir='ltr'>quidem</span> <span class='ocrx_word' id='word_1_164' title='bbox 1776 2794 1893 2894; x_wconf 86' lang='lat' dir='ltr'>pulum</span> <span class='ocrx_word' id='word_1_165' title='bbox 1917 2793 2046 2868; x_wconf 70' lang='lat' dir='ltr'>mount</span> <span class='ocrx_word' id='word_1_166' title='bbox 2068 2801 2103 2868; x_wconf 91' lang='lat' dir='ltr'>et</span> <span class='ocrx_word' id='word_1_167' title='bbox 2123 2785 2230 2891; x_wconf 74' lang='lat' dir='ltr'>quadi</span> 
     </span>
     <span class='ocr_line' id='line_1_18' title="bbox 691 2913 2229 3015; baseline -0.001 -25"><span class='ocrx_word' id='word_1_168' title='bbox 691 2914 919 3013; x_wconf 88' lang='lat' dir='ltr'>pronuntient</span> <span class='ocrx_word' id='word_1_169' title='bbox 954 2940 996 2992; x_wconf 88' lang='lat' dir='ltr'>ea</span> <span class='ocrx_word' id='word_1_170' title='bbox 1027 2939 1119 3014; x_wconf 83' lang='lat' dir='ltr'>quse</span> <span class='ocrx_word' id='word_1_171' title='bbox 1151 2915 1191 2990; x_wconf 87' lang='lat' dir='ltr'>in</span> <span class='ocrx_word' id='word_1_172' title='bbox 1226 2915 1442 3015; x_wconf 83' lang='lat' dir='ltr'>reliquorum</span> <span class='ocrx_word' id='word_1_173' title='bbox 1480 2915 1606 2992; x_wconf 85' lang='lat' dir='ltr'>animis</span> <span class='ocrx_word' id='word_1_174' title='bbox 1636 2915 1785 3003; x_wconf 83' lang='lat' dir='ltr'>lateant,</span> <span class='ocrx_word' id='word_1_175' title='bbox 1821 2914 1949 3013; x_wconf 82' lang='lat' dir='ltr'>partim</span> <span class='ocrx_word' id='word_1_176' title='bbox 1978 2937 2059 2990; x_wconf 85' lang='lat' dir='ltr'>vero</span> <span class='ocrx_word' id='word_1_177' title='bbox 2084 2937 2125 2988; x_wconf 92' lang='lat' dir='ltr'>eo</span> <span class='ocrx_word' id='word_1_178' title='bbox 2151 2913 2229 3011; x_wconf 86' lang='lat' dir='ltr'>ipso</span> 
     </span>
     <span class='ocr_line' id='line_1_19' title="bbox 692 3034 2229 3135; baseline 0.001 -25"><span class='ocrx_word' id='word_1_179' title='bbox 692 3058 823 3135; x_wconf 78' lang='lat' dir='ltr'>magna</span> <span class='ocrx_word' id='word_1_180' title='bbox 852 3036 949 3135; x_wconf 90' lang='lat' dir='ltr'>apud</span> <span class='ocrx_word' id='word_1_181' title='bbox 980 3059 1064 3112; x_wconf 87' lang='lat' dir='ltr'>suos</span> <span class='ocrx_word' id='word_1_182' title='bbox 1096 3036 1302 3113; x_wconf 82' lang='lat' dir='ltr'>auctoritate</span> <span class='ocrx_word' id='word_1_183' title='bbox 1332 3037 1488 3113; x_wconf 84' lang='lat' dir='ltr'>iruentos</span> <span class='ocrx_word' id='word_1_184' title='bbox 1512 3036 1637 3113; x_wconf 89' lang='lat' dir='ltr'>horum</span> <span class='ocrx_word' id='word_1_185' title='bbox 1661 3059 1782 3115; x_wconf 83' lang='lat' dir='ltr'>rursus</span> <span class='ocrx_word' id='word_1_186' title='bbox 1805 3034 1914 3113; x_wconf 76' lang='lat' dir='ltr'>duona</span> <span class='ocrx_word' id='word_1_187' title='bbox 1940 3035 2026 3111; x_wconf 87' lang='lat' dir='ltr'>liunt</span> <span class='ocrx_word' id='word_1_188' title='bbox 2040 3040 2229 3133; x_wconf 84' lang='lat' dir='ltr'>&#39;totumque</span> 
     </span>
     <span class='ocr_line' id='line_1_20' title="bbox 690 3154 2226 3257; baseline 0 -27"><span class='ocrx_word' id='word_1_189' title='bbox 690 3155 870 3255; x_wconf 77' lang='lat' dir='ltr'>oogitendi</span> <span class='ocrx_word' id='word_1_190' title='bbox 893 3156 1135 3256; x_wconf 82' lang='lat' dir='ltr'>sentiendique</span> <span class='ocrx_word' id='word_1_191' title='bbox 1162 3157 1333 3234; x_wconf 88' lang='lat' dir='ltr'>rationem</span> <span class='ocrx_word' id='word_1_192' title='bbox 1361 3157 1473 3257; x_wconf 83' lang='lat' dir='ltr'>magis</span> <span class='ocrx_word' id='word_1_193' title='bbox 1499 3158 1659 3235; x_wconf 82' lang='lat' dir='ltr'>minusve</span> <span class='ocrx_word' id='word_1_194' title='bbox 1677 3164 1817 3256; x_wconf 82' lang='lat' dir='ltr'>regnat.</span> <span class='ocrx_word' id='word_1_195' title='bbox 1866 3156 1923 3234; x_wconf 89' lang='lat' dir='ltr'>De</span> <span class='ocrx_word' id='word_1_196' title='bbox 1948 3154 2079 3257; x_wconf 87' lang='lat' dir='ltr'>populo</span> <span class='ocrx_word' id='word_1_197' title='bbox 2107 3162 2226 3233; x_wconf 89' lang='lat' dir='ltr'>autom</span> 
     </span>
     <span class='ocr_line' id='line_1_21' title="bbox 690 3274 2228 3379; baseline 0.001 -28"><span class='ocrx_word' id='word_1_198' title='bbox 690 3274 883 3352; x_wconf 70' lang='lat' dir='ltr'>Israelitioo</span> <span class='ocrx_word' id='word_1_199' title='bbox 906 3286 1089 3378; x_wconf 86' lang='lat' dir='ltr'>propterea</span> <span class='ocrx_word' id='word_1_200' title='bbox 1109 3278 1198 3353; x_wconf 86' lang='lat' dir='ltr'>iilud</span> <span class='ocrx_word' id='word_1_201' title='bbox 1225 3279 1353 3355; x_wconf 86' lang='lat' dir='ltr'>diserte</span> <span class='ocrx_word' id='word_1_202' title='bbox 1377 3279 1608 3369; x_wconf 86' lang='lat' dir='ltr'>monendum,</span> <span class='ocrx_word' id='word_1_203' title='bbox 1634 3278 1729 3379; x_wconf 87' lang='lat' dir='ltr'>quod</span> <span class='ocrx_word' id='word_1_204' title='bbox 1752 3284 1891 3357; x_wconf 81' lang='lat' dir='ltr'>tantam</span> <span class='ocrx_word' id='word_1_205' title='bbox 1918 3276 2019 3353; x_wconf 85' lang='lat' dir='ltr'>abeat</span> <span class='ocrx_word' id='word_1_206' title='bbox 2043 3282 2085 3353; x_wconf 89' lang='lat' dir='ltr'>ut</span> <span class='ocrx_word' id='word_1_207' title='bbox 2110 3276 2228 3353; x_wconf 86' lang='lat' dir='ltr'>oultua</span> 
     </span>
     <span class='ocr_line' id='line_1_22' title="bbox 690 3395 2225 3500; baseline 0 -27"><span class='ocrx_word' id='word_1_208' title='bbox 690 3395 752 3473; x_wconf 83' lang='lat' dir='ltr'>ille</span> <span class='ocrx_word' id='word_1_209' title='bbox 785 3396 925 3473; x_wconf 85' lang='lat' dir='ltr'>diuinus</span> <span class='ocrx_word' id='word_1_210' title='bbox 958 3423 1029 3497; x_wconf 90' lang='lat' dir='ltr'>quo</span> <span class='ocrx_word' id='word_1_211' title='bbox 1061 3398 1228 3475; x_wconf 86' lang='lat' dir='ltr'>omnibus</span> <span class='ocrx_word' id='word_1_212' title='bbox 1260 3398 1428 3500; x_wconf 82' lang='lat' dir='ltr'>gentibus</span> <span class='ocrx_word' id='word_1_213' title='bbox 1455 3400 1659 3477; x_wconf 87' lang='lat' dir='ltr'>enteoellere</span> <span class='ocrx_word' id='word_1_214' title='bbox 1691 3398 1859 3476; x_wconf 87' lang='lat' dir='ltr'>dioendus</span> <span class='ocrx_word' id='word_1_215' title='bbox 1886 3404 1940 3473; x_wconf 85' lang='lat' dir='ltr'>ast</span> <span class='ocrx_word' id='word_1_216' title='bbox 1961 3396 2128 3473; x_wconf 78' lang='lat' dir='ltr'>omnibus</span> <span class='ocrx_word' id='word_1_217' title='bbox 2150 3420 2225 3473; x_wconf 81' lang='lat' dir='ltr'>om·</span> 
     </span>
     <span class='ocr_line' id='line_1_23' title="bbox 690 3516 2226 3621; baseline 0.001 -28"><span class='ocrx_word' id='word_1_218' title='bbox 690 3518 776 3594; x_wconf 92' lang='lat' dir='ltr'>nino</span> <span class='ocrx_word' id='word_1_219' title='bbox 803 3518 973 3595; x_wconf 73' lang='lat' dir='ltr'>Israelitis</span> <span class='ocrx_word' id='word_1_220' title='bbox 997 3518 1073 3597; x_wconf 87' lang='lat' dir='ltr'>sine</span> <span class='ocrx_word' id='word_1_221' title='bbox 1094 3520 1297 3597; x_wconf 82' lang='lat' dir='ltr'>discrimine</span> <span class='ocrx_word' id='word_1_222' title='bbox 1321 3520 1623 3621; x_wconf 79' lang='lat' dir='ltr'>adscribipossit,</span> <span class='ocrx_word' id='word_1_223' title='bbox 1649 3526 1691 3597; x_wconf 92' lang='lat' dir='ltr'>ut</span> <span class='ocrx_word' id='word_1_224' title='bbox 1712 3544 1735 3595; x_wconf 93' lang='lat' dir='ltr'>e</span> <span class='ocrx_word' id='word_1_225' title='bbox 1760 3518 1934 3599; x_wconf 85' lang='lat' dir='ltr'>eontrario</span> <span class='ocrx_word' id='word_1_226' title='bbox 1956 3542 2026 3595; x_wconf 88' lang='lat' dir='ltr'>nou</span> <span class='ocrx_word' id='word_1_227' title='bbox 2050 3516 2121 3595; x_wconf 84' lang='lat' dir='ltr'>nisi</span> <span class='ocrx_word' id='word_1_228' title='bbox 2148 3518 2226 3595; x_wconf 81' lang='lat' dir='ltr'>din·</span> 
     </span>
     <span class='ocr_line' id='line_1_24' title="bbox 688 3637 2224 3738; baseline 0.001 -26"><span class='ocrx_word' id='word_1_229' title='bbox 688 3646 795 3715; x_wconf 91' lang='lat' dir='ltr'>turno</span> <span class='ocrx_word' id='word_1_230' title='bbox 823 3646 861 3713; x_wconf 88' lang='lat' dir='ltr'>et</span> <span class='ocrx_word' id='word_1_231' title='bbox 892 3646 1035 3716; x_wconf 90' lang='lat' dir='ltr'>strenuo</span> <span class='ocrx_word' id='word_1_232' title='bbox 1065 3640 1276 3730; x_wconf 83' lang='lat' dir='ltr'>certamine,</span> <span class='ocrx_word' id='word_1_233' title='bbox 1312 3640 1379 3717; x_wconf 82' lang='lat' dir='ltr'>etsi</span> <span class='ocrx_word' id='word_1_234' title='bbox 1409 3642 1522 3717; x_wconf 90' lang='lat' dir='ltr'>multo</span> <span class='ocrx_word' id='word_1_235' title='bbox 1553 3640 1672 3717; x_wconf 86' lang='lat' dir='ltr'>minus</span> <span class='ocrx_word' id='word_1_236' title='bbox 1699 3639 1733 3716; x_wconf 88' lang='lat' dir='ltr'>vi</span> <span class='ocrx_word' id='word_1_237' title='bbox 1758 3663 1935 3717; x_wconf 75' lang='lat' dir='ltr'>armorum</span> <span class='ocrx_word' id='word_1_238' title='bbox 1959 3662 2067 3737; x_wconf 86' lang='lat' dir='ltr'>quem</span> <span class='ocrx_word' id='word_1_239' title='bbox 2092 3637 2224 3738; x_wconf 80' lang='lat' dir='ltr'>ingenii</span> 
     </span>
     <span class='ocr_line' id='line_1_25' title="bbox 688 3758 2223 3862; baseline 0.001 -29"><span class='ocrx_word' id='word_1_240' title='bbox 688 3758 888 3858; x_wconf 87' lang='lat' dir='ltr'>mentisque</span> <span class='ocrx_word' id='word_1_241' title='bbox 922 3759 1168 3850; x_wconf 84' lang='lat' dir='ltr'>facultatibus,</span> <span class='ocrx_word' id='word_1_242' title='bbox 1200 3774 1323 3837; x_wconf 83' lang='lat' dir='ltr'>eontra</span> <span class='ocrx_word' id='word_1_243' title='bbox 1353 3760 1625 3862; x_wconf 74' lang='lat' dir='ltr'>repugnantium</span> <span class='ocrx_word' id='word_1_244' title='bbox 1658 3767 1803 3841; x_wconf 78' lang='lat' dir='ltr'>conotus</span> <span class='ocrx_word' id='word_1_245' title='bbox 1835 3759 2001 3835; x_wconf 82' lang='lat' dir='ltr'>viudioeri</span> <span class='ocrx_word' id='word_1_246' title='bbox 2036 3766 2073 3832; x_wconf 90' lang='lat' dir='ltr'>et</span> <span class='ocrx_word' id='word_1_247' title='bbox 2100 3758 2223 3835; x_wconf 72' lang='lat' dir='ltr'>mnos-</span> 
     </span>
     <span class='ocr_line' id='line_1_26' title="bbox 687 3875 2222 3980; baseline -0.001 -25"><span class='ocrx_word' id='word_1_248' title='bbox 687 3878 778 3955; x_wconf 81' lang='lat' dir='ltr'>mari</span> <span class='ocrx_word' id='word_1_249' title='bbox 808 3879 973 3976; x_wconf 87' lang='lat' dir='ltr'>potuerit.</span> <span class='ocrx_word' id='word_1_250' title='bbox 1022 3883 1071 3955; x_wconf 83' lang='lat' dir='ltr'>Et</span> <span class='ocrx_word' id='word_1_251' title='bbox 1090 3882 1145 3955; x_wconf 84' lang='lat' dir='ltr'>uel</span> <span class='ocrx_word' id='word_1_252' title='bbox 1168 3879 1218 3955; x_wconf 87' lang='lat' dir='ltr'>sie</span> <span class='ocrx_word' id='word_1_253' title='bbox 1244 3886 1363 3957; x_wconf 71' lang='lat' dir='ltr'>mmen</span> <span class='ocrx_word' id='word_1_254' title='bbox 1388 3879 1496 3955; x_wconf 83' lang='lat' dir='ltr'>totim</span> <span class='ocrx_word' id='word_1_255' title='bbox 1522 3878 1642 3980; x_wconf 90' lang='lat' dir='ltr'>populi</span> <span class='ocrx_word' id='word_1_256' title='bbox 1666 3878 1876 3978; x_wconf 78' lang='lat' dir='ltr'>penuliurem</span> <span class='ocrx_word' id='word_1_257' title='bbox 1901 3876 2090 3977; x_wconf 85' lang='lat' dir='ltr'>quemdam</span> <span class='ocrx_word' id='word_1_258' title='bbox 2115 3875 2222 3953; x_wconf 76' lang='grc' dir='ltr'>ιίιιιι-</span> 
     </span>
     <span class='ocr_line' id='line_1_27' title="bbox 688 3996 2223 4099; baseline -0.001 -27"><span class='ocrx_word' id='word_1_259' title='bbox 688 4004 762 4072; x_wconf 86' lang='lat' dir='ltr'>tam</span> <span class='ocrx_word' id='word_1_260' title='bbox 793 3997 830 4073; x_wconf 94' lang='lat' dir='ltr'>in</span> <span class='ocrx_word' id='word_1_261' title='bbox 854 3999 931 4072; x_wconf 91' lang='lat' dir='ltr'>Deo</span> <span class='ocrx_word' id='word_1_262' title='bbox 956 3998 1101 4074; x_wconf 86' lang='lat' dir='ltr'>colendo</span> <span class='ocrx_word' id='word_1_263' title='bbox 1123 4000 1347 4099; x_wconf 85' lang='lat' dir='ltr'>conspicuam</span> <span class='ocrx_word' id='word_1_264' title='bbox 1372 3998 1544 4075; x_wconf 83' lang='lat' dir='ltr'>celebrare</span> <span class='ocrx_word' id='word_1_265' title='bbox 1567 4024 1669 4099; x_wconf 81' lang='lat' dir='ltr'>posse</span> <span class='ocrx_word' id='word_1_266' title='bbox 1693 4000 1780 4074; x_wconf 91' lang='lat' dir='ltr'>mihi</span> <span class='ocrx_word' id='word_1_267' title='bbox 1801 3998 1941 4087; x_wconf 84' lang='lat' dir='ltr'>videor,</span> <span class='ocrx_word' id='word_1_268' title='bbox 1967 3998 2050 4098; x_wconf 87' lang='lat' dir='ltr'>quia</span> <span class='ocrx_word' id='word_1_269' title='bbox 2072 3996 2130 4075; x_wconf 88' lang='lat' dir='ltr'>ille</span> <span class='ocrx_word' id='word_1_270' title='bbox 2155 3996 2223 4071; x_wconf 84' lang='lat' dir='ltr'>Dei</span> 
     </span>
     <span class='ocr_line' id='line_1_28' title="bbox 688 4115 2223 4217; baseline -0.002 -24"><span class='ocrx_word' id='word_1_271' title='bbox 688 4116 826 4209; x_wconf 82' lang='lat' dir='ltr'>soltus,</span> <span class='ocrx_word' id='word_1_272' title='bbox 858 4119 1018 4217; x_wconf 87' lang='lat' dir='ltr'>quemvis</span> <span class='ocrx_word' id='word_1_273' title='bbox 1050 4119 1156 4195; x_wconf 89' lang='lat' dir='ltr'>multi</span> <span class='ocrx_word' id='word_1_274' title='bbox 1185 4118 1364 4195; x_wconf 89' lang='lat' dir='ltr'>interdum</span> <span class='ocrx_word' id='word_1_275' title='bbox 1396 4117 1443 4193; x_wconf 85' lang='lat' dir='ltr'>ub</span> <span class='ocrx_word' id='word_1_276' title='bbox 1473 4142 1514 4193; x_wconf 89' lang='lat' dir='ltr'>eo</span> <span class='ocrx_word' id='word_1_277' title='bbox 1544 4117 1751 4206; x_wconf 82' lang='lat' dir='ltr'>defecerint,</span> <span class='ocrx_word' id='word_1_278' title='bbox 1775 4116 2003 4193; x_wconf 84' lang='lat' dir='ltr'>nihilomiuus</span> <span class='ocrx_word' id='word_1_279' title='bbox 2032 4116 2070 4190; x_wconf 96' lang='lat' dir='ltr'>in</span> <span class='ocrx_word' id='word_1_280' title='bbox 2105 4115 2223 4191; x_wconf 87' lang='lat' dir='ltr'>omnis</span> 
     </span>
     <span class='ocr_line' id='line_1_29' title="bbox 687 4234 2221 4340; baseline 0.001 -27"><span class='ocrx_word' id='word_1_281' title='bbox 687 4238 810 4338; x_wconf 85' lang='lat' dir='ltr'>populi</span> <span class='ocrx_word' id='word_1_282' title='bbox 840 4238 1004 4315; x_wconf 86' lang='lat' dir='ltr'>instituta</span> <span class='ocrx_word' id='word_1_283' title='bbox 1029 4238 1171 4340; x_wconf 79' lang='lat' dir='ltr'>publiea</span> <span class='ocrx_word' id='word_1_284' title='bbox 1193 4244 1230 4312; x_wconf 91' lang='lat' dir='ltr'>et</span> <span class='ocrx_word' id='word_1_285' title='bbox 1251 4238 1403 4336; x_wconf 84' lang='lat' dir='ltr'>privata,</span> <span class='ocrx_word' id='word_1_286' title='bbox 1436 4237 1473 4314; x_wconf 92' lang='lat' dir='ltr'>in</span> <span class='ocrx_word' id='word_1_287' title='bbox 1497 4238 1646 4328; x_wconf 78' lang='lat' dir='ltr'>litteras,</span> <span class='ocrx_word' id='word_1_288' title='bbox 1669 4244 1782 4329; x_wconf 84' lang='lat' dir='ltr'>artes,</span> <span class='ocrx_word' id='word_1_289' title='bbox 1807 4244 1917 4313; x_wconf 84' lang='lat' dir='ltr'>totam</span> <span class='ocrx_word' id='word_1_290' title='bbox 1942 4236 2094 4337; x_wconf 79' lang='lat' dir='ltr'>denique</span> <span class='ocrx_word' id='word_1_291' title='bbox 2114 4234 2221 4314; x_wconf 83' lang='lat' dir='ltr'>vilem</span> 
     </span>
     <span class='ocr_line' id='line_1_30' title="bbox 689 4357 1542 4458; baseline -0.001 -25"><span class='ocrx_word' id='word_1_292' title='bbox 689 4360 884 4457; x_wconf 87' lang='lat' dir='ltr'>penetravit</span> <span class='ocrx_word' id='word_1_293' title='bbox 908 4370 944 4435; x_wconf 93' lang='lat' dir='ltr'>et</span> <span class='ocrx_word' id='word_1_294' title='bbox 967 4359 1039 4436; x_wconf 78' lang='lat' dir='ltr'>vim</span> <span class='ocrx_word' id='word_1_295' title='bbox 1062 4359 1188 4436; x_wconf 90' lang='lat' dir='ltr'>hobnit</span> <span class='ocrx_word' id='word_1_296' title='bbox 1211 4382 1318 4458; x_wconf 88' lang='lat' dir='ltr'>quam</span> <span class='ocrx_word' id='word_1_297' title='bbox 1342 4357 1542 4435; x_wconf 82' lang='lat' dir='ltr'>maximam.</span> 
     </span>
    </p>

    <p class='ocr_par' dir='ltr' id='par_1_8' title="bbox 679 4474 2221 4821">
     <span class='ocr_line' id='line_1_31' title="bbox 679 4474 2221 4577; baseline 0.001 -24"><span class='ocrx_word' id='word_1_298' title='bbox 679 4529 684 4538; x_wconf 83' lang='lat'>-</span> <span class='ocrx_word' id='word_1_299' title='bbox 735 4479 934 4555; x_wconf 83' lang='lat' dir='ltr'>Fatendum</span> <span class='ocrx_word' id='word_1_300' title='bbox 957 4504 1040 4557; x_wconf 79' lang='lat' dir='ltr'>sone</span> <span class='ocrx_word' id='word_1_301' title='bbox 1065 4480 1200 4557; x_wconf 84' lang='lat' dir='ltr'>nullam</span> <span class='ocrx_word' id='word_1_302' title='bbox 1224 4480 1367 4557; x_wconf 88' lang='lat' dir='ltr'>omuino</span> <span class='ocrx_word' id='word_1_303' title='bbox 1391 4478 1499 4555; x_wconf 85' lang='lat' dir='ltr'>luisse</span> <span class='ocrx_word' id='word_1_304' title='bbox 1522 4478 1577 4553; x_wconf 84' lang='lat' dir='ltr'>vel</span> <span class='ocrx_word' id='word_1_305' title='bbox 1599 4476 1705 4553; x_wconf 89' lang='lat' dir='ltr'>etiem</span> <span class='ocrx_word' id='word_1_306' title='bbox 1727 4500 1824 4555; x_wconf 87' lang='lat' dir='ltr'>nuno</span> <span class='ocrx_word' id='word_1_307' title='bbox 1844 4501 1922 4555; x_wconf 81' lang='lat' dir='ltr'>esse</span> <span class='ocrx_word' id='word_1_308' title='bbox 1944 4482 2087 4577; x_wconf 80' lang='lat' dir='ltr'>gentem</span> <span class='ocrx_word' id='word_1_309' title='bbox 2106 4474 2221 4555; x_wconf 80' lang='lat' dir='ltr'>omnis</span> 
     </span>
     <span class='ocr_line' id='line_1_32' title="bbox 680 4593 2220 4700; baseline -0.001 -23"><span class='ocrx_word' id='word_1_310' title='bbox 680 4597 865 4700; x_wconf 76' lang='lat' dir='ltr'>religionis</span> <span class='ocrx_word' id='word_1_311' title='bbox 893 4601 996 4699; x_wconf 87' lang='lat' dir='ltr'>plane</span> <span class='ocrx_word' id='word_1_312' title='bbox 1024 4608 1213 4700; x_wconf 81' lang='lat' dir='ltr'>expertem.</span> <span class='ocrx_word' id='word_1_313' title='bbox 1263 4602 1358 4677; x_wconf 87' lang='lat' dir='ltr'>Nam</span> <span class='ocrx_word' id='word_1_314' title='bbox 1387 4600 1482 4699; x_wconf 91' lang='lat' dir='ltr'>quod</span> <span class='ocrx_word' id='word_1_315' title='bbox 1505 4600 1549 4675; x_wconf 88' lang='lat' dir='ltr'>de</span> <span class='ocrx_word' id='word_1_316' title='bbox 1576 4598 1715 4699; x_wconf 79' lang='lat' dir='ltr'>populis</span> <span class='ocrx_word' id='word_1_317' title='bbox 1736 4596 1949 4697; x_wconf 84' lang='lat' dir='ltr'>quibusdum</span> <span class='ocrx_word' id='word_1_318' title='bbox 1972 4596 2010 4671; x_wconf 87' lang='lat' dir='ltr'>in</span> <span class='ocrx_word' id='word_1_319' title='bbox 2035 4593 2220 4675; x_wconf 85' lang='lat' dir='ltr'>brutorum</span> 
     </span>
     <span class='ocr_line' id='line_1_33' title="bbox 684 4715 2221 4821; baseline -0.003 -24"><span class='ocrx_word' id='word_1_320' title='bbox 684 4718 759 4797; x_wconf 79' lang='lat' dir='ltr'>iera</span> <span class='ocrx_word' id='word_1_321' title='bbox 780 4719 1013 4799; x_wconf 83' lang='lat' dir='ltr'>uenditionem</span> <span class='ocrx_word' id='word_1_322' title='bbox 1036 4720 1207 4810; x_wconf 79' lang='lat' dir='ltr'>redactis,</span> <span class='ocrx_word' id='word_1_323' title='bbox 1231 4720 1328 4821; x_wconf 90' lang='lat' dir='ltr'>apud</span> <span class='ocrx_word' id='word_1_324' title='bbox 1350 4744 1438 4820; x_wconf 82' lang='lat' dir='ltr'>quor</span> <span class='ocrx_word' id='word_1_325' title='bbox 1464 4744 1509 4797; x_wconf 88' lang='lat' dir='ltr'>ne</span> <span class='ocrx_word' id='word_1_326' title='bbox 1537 4720 1609 4799; x_wconf 90' lang='lat' dir='ltr'>ulla</span> <span class='ocrx_word' id='word_1_327' title='bbox 1632 4719 1776 4819; x_wconf 90' lang='lat' dir='ltr'>quidem</span> <span class='ocrx_word' id='word_1_328' title='bbox 1800 4718 1870 4797; x_wconf 91' lang='lat' dir='ltr'>Dei</span> <span class='ocrx_word' id='word_1_329' title='bbox 1893 4716 1989 4795; x_wconf 86' lang='lat' dir='ltr'>notio</span> <span class='ocrx_word' id='word_1_330' title='bbox 2010 4715 2153 4794; x_wconf 79' lang='lat' dir='ltr'>meanto</span> <span class='ocrx_word' id='word_1_331' title='bbox 2174 4715 2221 4793; x_wconf 82' lang='lat' dir='ltr'>sit</span> 
     </span>
    </p>
   </div>
   <div class='ocr_carea' id='block_1_5' title="bbox 526 4836 2219 4941">
    <p class='ocr_par' dir='ltr' id='par_1_9' title="bbox 526 4836 2219 4941">
     <span class='ocr_line' id='line_1_34' title="bbox 526 4836 2219 4941; baseline -0.001 -24"><span class='ocrx_word' id='word_1_332' title='bbox 526 4870 530 4877; x_wconf 89' lang='lat'><em>·</em></span> <span class='ocrx_word' id='word_1_333' title='bbox 687 4839 819 4941; x_wconf 89' lang='lat' dir='ltr'>quique</span> <span class='ocrx_word' id='word_1_334' title='bbox 855 4840 1067 4940; x_wconf 83' lang='lat' dir='ltr'>primitivam</span> <span class='ocrx_word' id='word_1_335' title='bbox 1104 4841 1235 4917; x_wconf 84' lang='lat' dir='ltr'>scilieet</span> <span class='ocrx_word' id='word_1_336' title='bbox 1271 4840 1408 4941; x_wconf 81' lang='lat' dir='ltr'>generis</span> <span class='ocrx_word' id='word_1_337' title='bbox 1449 4840 1596 4919; x_wconf 77' lang='lat' dir='ltr'>humani</span> <span class='ocrx_word' id='word_1_338' title='bbox 1634 4840 1824 4941; x_wconf 81' lang='lat' dir='ltr'>imaginem</span> <span class='ocrx_word' id='word_1_339' title='bbox 1854 4838 1982 4917; x_wconf 84' lang='lat' dir='ltr'>referre</span> <span class='ocrx_word' id='word_1_340' title='bbox 2016 4836 2219 4925; x_wconf 82' lang='lat' dir='ltr'>videantur,</span> 
     </span>
    </p>
   </div>
   <div class='ocr_carea' id='block_1_6' title="bbox 0 0 2484 6173">
    <p class='ocr_par' dir='ltr' id='par_1_10' title="bbox 0 0 2484 6173">
     <span class='ocr_line' id='line_1_35' title="bbox 0 0 2484 6173; baseline 0 0"><span class='ocrx_word' id='word_1_341' title='bbox 0 0 2484 6173; x_wconf 95' lang='lat' dir='ltr'> </span> 
     </span>
    </p>
   </div>
  </div>
 </body>
</html>
