4959 6175
691 664 734 732 98
1289 665 1324 732 P.
1358 661 1608 732 alarino

692 880 830 948 nostrae
851 871 1001 948 alumnis
1033 869 1185 948 tradidit.
1232 871 1338 947 Anno
1365 873 1459 950 1837
1484 869 1628 946 Senatui
1656 867 1865 945 Academico
1889 869 2021 971 placuit
2044 895 2126 946 eum
2150 873 2208 948 ho·

692 993 787 1068 noris
818 1017 923 1068 causa
955 1017 1070 1067 creare
1104 988 1345 1088 Philosophiae
1377 987 1597 1064 Theoreticaa
1628 986 1841 1086 Magistrum
1870 995 1905 1062 at
1930 987 2125 1065 Litararum
2147 991 2209 1065 hu·

690 1113 886 1188 maniorum
907 1113 1104 1186 Ductorem.

742 1232 799 1306 Sic
819 1231 928 1330 igitur
947 1255 1170 1306 vrsscnaaos
1193 1230 1301 1319 illud,
1326 1228 1421 1328 quud
1444 1226 1626 1328 praecipue
1654 1225 1691 1301 in
1719 1225 1918 1315 satisfuit,
1943 1235 2123 1301 assecutus
2147 1235 2207 1302 est.

692 1351 740 1424 Et
773 1350 855 1426 huic
889 1350 1031 1450 quidam
1065 1350 1266 1450 cogitationi
1292 1350 1389 1424 iuvat
1422 1348 1604 1447 paululum
1631 1344 1816 1420 immorari.
1866 1345 2029 1443 Namque
2057 1345 2109 1418 vir
2136 1345 2207 1433 ille,

692 1470 755 1570 qui
775 1494 840 1544 neu
867 1471 1049 1570 Gymnasii
1071 1471 1183 1570 spatia
1211 1471 1423 1557 decurrerat,
1448 1491 1561 1566 neque
1583 1464 1792 1541 Academiae
1814 1463 1999 1538 Ductorem
2022 1463 2208 1552 habuerat,

691 1613 714 1662 a
749 1589 849 1662 cuius
886 1590 991 1663 latere
1025 1613 1096 1663 nun
1118 1589 1328 1677 discederet,
1362 1598 1398 1665 et
1423 1611 1502 1662 vero
1524 1585 1658 1661 iuvenis
1681 1584 1731 1658 ita
1749 1583 1786 1658 in
1810 1584 1941 1658 medias
1962 1609 2017 1658 res
2037 1585 2208 1660 coniectus

692 1715 786 1794 arat,
823 1715 863 1783 ut
897 1708 1011 1782 omnis
1042 1708 1174 1806 ingenii
1207 1707 1387 1784 excolendi
1413 1695 1660 1806 'opportunitas
1683 1703 1845 1778 defutura
1865 1705 2057 1794 videretur,
2082 1745 2131 1762 -
2154 1704 2208 1779 bic

691 1822 801 1923 igitur
831 1827 883 1900 vir
914 1827 1028 1902 locum
1059 1828 1127 1902 sibi
1156 1828 1194 1902 in
1223 1829 1403 1902 docturum
1429 1829 1578 1902 virorum
1598 1825 1718 1900 ordine
1740 1823 1967 1922 comparavit,
1991 1850 2013 1899 a
2038 1823 2111 1898 suis
2138 1823 2209 1922 ipsc

691 1944 833 2043 collegis
859 1945 924 2020 boc
945 1946 1085 2022 nomine
1109 1956 1252 2022 ornatus
1280 1955 1315 2020 at
1335 1945 1522 2044 insignitus
1547 1945 1611 2020 boc
1634 1944 1762 2019 bonore
1784 1950 1862 2024 est..

744 2062 974 2153 Paucissima,
995 2065 1031 2137 ni
1052 2064 1168 2153 fallor,
1190 2066 1295 2140 huius
1315 2066 1365 2140 rei
1385 2065 1421 2138 in
1440 2064 1637 2140 Annalibus
1654 2061 1871 2137 Academicis
1888 2067 2027 2135 exstant
2044 2061 2208 2161 exempla

696 2182 735 2256 Si
760 2183 841 2281 quis
866 2209 886 2258 a
910 2208 1019 2282 puero
1040 2185 1234 2259 destinatus
1259 2185 1349 2260 vitae
1373 2185 1409 2258 in
1438 2185 1545 2260 literis
1569 2181 1774 2257 doctrinisse
1798 2180 1996 2278 degendae,
2020 2180 2151 2280 optime
2176 2188 2210 2254 et

693 2325 837 2400 prorsus
872 2301 919 2375 ad
950 2300 1015 2375 boc
1037 2301 1220 2376 consilium
1247 2303 1502 2376 accommodate
1527 2300 1740 2388 instituitur,
1768 2300 1992 2398 tandemque,
2017 2324 2126 2396 quum
2151 2324 2210 2401 per

691 2419 822 2494 multos
853 2442 963 2494 annus
995 2420 1033 2493 in
1066 2420 1182 2494 studia
1206 2422 1382 2496 doctrinae
1402 2413 1580 2510 incubuit,
1611 2419 1770 2494 Doctoris
1799 2419 1947 2518 gradum
1970 2419 2208 2517 consequitur,

690 2537 777 2636 quin
813 2537 939 2625 auam,
975 2537 1006 2610 si
1035 2548 1175 2637 proptor
1207 2538 1397 2637 exquisitas
1429 2539 1561 2638 ingenii
1585 2540 1730 2613 virtutes
1752 2547 1874 2638 postm
1899 2538 2027 2636 dignus
2040 2545 2209 2614 ,censetur

692 2681 838 2732 munere
859 2656 1083 2754 professuris,
1107 2657 1195 2731 nibil
1218 2656 1371 2756 profectu
1394 2659 1562 2758 estquod
1584 2659 1761 2734 miremur.
1810 2659 2007 2755 Utrumque
2035 2656 2070 2730 in
2093 2680 2207 2730 rerum

690 2775 813 2849 urdine
835 2786 871 2850 et
894 2777 1026 2850 ratione
1045 2774 1199 2875 positum
1222 2785 1287 2852 est.
1336 2776 1423 2866 Via,
1447 2801 1536 2875 quae
1561 2777 1605 2852 ad
1626 2777 1839 2877 propositum
1869 2777 1985 2865 ducit,
2010 2784 2114 2850 strata
2137 2783 2207 2864 est,

690 2894 917 2995 requiruntur
936 2904 1075 2969 tantum
1099 2894 1255 2970 discendi
1276 2895 1429 2970 arderet
1448 2895 1636 2984 industria,
1662 2897 1807 2972 utillud
1826 2897 2031 2995 assequaris
2082 2895 2210 2970 Similia

691 3015 833 3091 omnino
863 3014 920 3091 hic
954 3022 1008 3090 est
1034 3015 1318 3115 peregrinaturis,
1352 3015 1414 3115 qui
1449 3015 1656 3091 cultissimus
1692 3017 1853 3116 Europae
1886 3025 2024 3091 nusuae
2055 3015 2209 3115 romaum

692 3143 864 3236 peragrat.
913 3136 1030 3211 Navcs
1056 3144 1093 3209 et
1115 3134 1243 3209 rhedae
1264 3133 1424 3209 maehina
1451 3133 1576 3209 atmies
1598 3133 1773 3209 celerrime
1793 3135 1996 3234 propulsae,
2021 3133 2211 3209 deversoria

695 3256 860 3330 omnibus
895 3254 985 3330 vitae
1022 3255 1154 3329 deliciis
1184 3262 1304 3354 mla,
1336 3254 1440 3353 periti
1464 3254 1538 3329 siae
1569 3254 1675 3328 duces
1705 3262 1952 3353 aecurataeque
1975 3253 2129 3329 locorum
2151 3251 2207 3327 de·

695 3374 898 3471 scriptiones
929 3374 979 3449 ita
1011 3398 1133 3449 omnes
1164 3374 1299 3449 itineris
1336 3374 1555 3449 difficultates
1589 3374 1774 3463 minuunt,
1809 3384 1850 3448 ut
1875 3373 2032 3448 videatur
2056 3371 2144 3445 illud
2164 3370 2207 3445 ab

693 3491 917 3568 habitationis
940 3494 1211 3569 commutatione
1231 3518 1356 3593 parum
1377 3493 1532 3583 differre,
1558 3517 1672 3592 neque
1691 3494 1795 3568 ullius
1815 3502 1877 3568 aut
1894 3493 2059 3567 audaciae
2082 3492 2128 3565 sit
2149 3499 2207 3565 aut

693 3610 927 3702 fortitudinis,
951 3638 993 3687 eo
1015 3612 1207 3712 proficisci,
1232 3612 1295 3686 ubi
1318 3612 1519 3711 longissimo
1540 3638 1561 3687 a
1582 3613 1693 3712 patria
1715 3636 1915 3712 separamur
1935 3611 2124 3686 intervallo.

742 3730 889 3805 Prorsus
922 3730 1100 3805 dissimilis
1123 3738 1178 3803 est
1197 3730 1351 3803 conditio
1375 3730 1469 3805 illius
1491 3731 1773 3829 peregrinaturis,
1809 3731 1889 3831 qui,
1915 3732 1982 3807 sibi
2006 3731 2107 3807 unice
2129 3754 2206 3805 con·

695 3845 808 3921 fidens
832 3848 973 3945 suisque
997 3848 1106 3923 iratus
1127 3848 1260 3947 ingenii
1282 3848 1458 3947 animique
1480 3849 1629 3938 viribus,
1652 3850 1751 3925 iuxta
1772 3852 1848 3925 avia
1869 3859 1906 3925 et
1927 3850 2025 3925 devia
2044 3851 2081 3924 in
2101 3849 2208 3948 regio·

696 3990 760 4040 nes
795 3976 972 4066 penetrat,
1006 3992 1094 4063 quas
1128 3967 1270 4066 penitus
1305 3967 1449 4043 lustrare
1484 3967 1650 4059 decrevit,
1688 3978 1728 4043 ut
1764 3970 1939 4045 tantillum
1972 3970 2140 4045 conferret
2165 3968 2208 4043 ad

697 4097 867 4162 tammum
901 4085 1101 4163 dissitarum
1133 4086 1312 4163 scientiam
1343 4087 1550 4187 aagendam.
1604 4089 1700 4164 Huic
1730 4090 1976 4189 peregrinaturi
2003 4098 2208 4189 perpetuum

556 4268 560 4275 .
694 4207 803 4281 instat
834 4207 919 4282 varii
955 4207 1091 4307 generis
1124 4216 1319 4297 mnemon,
1354 4208 1449 4283 nulla
1488 4231 1558 4283 non
1596 4209 1845 4309 impedimenta
1877 4217 1913 4283 et
1950 4208 2208 4283 molestissimae

697 4352 856 4425 quaeque
887 4327 1105 4403 difficultates
1134 4328 1255 4402 crebro
1287 4326 1466 4417 incidunt,
1500 4328 1629 4426 quibus
1665 4352 1710 4403 ne
1743 4328 1929 4417 obruatur,
1955 4351 2092 4401 summa
2123 4348 2207 4423 opus

695 4456 750 4522 est
783 4448 909 4522 sirium
939 4447 1132 4523 intentione
1162 4470 1273 4546 eaque
1296 4446 1508 4535 constantia,
1542 4447 1643 4522 cuius
1677 4448 1761 4523 baec
1783 4456 1856 4538 ast,
1879 4447 1925 4523 ad
1946 4447 2080 4522 labores
2100 4442 2206 4544 perie-

696 4567 840 4656 rendua,
876 4566 1112 4642 efficacissima
1145 4592 1228 4642 vox:
1267 4575 1304 4642 tu
1341 4594 1384 4641 ne
1414 4569 1493 4641 cede
1528 4569 1648 4656 mulis,
1686 4571 1750 4643 sed
1785 4575 1902 4643 contra
1943 4570 2123 4641 audentior
2149 4568 2207 4638 ito.

695 4686 798 4763 Vitae
830 4684 981 4775 deliciis,
1015 4686 1145 4785 quibus
1179 4688 1266 4762 alter
1299 4686 1337 4761 in
1359 4687 1481 4761 itinere
1505 4687 1651 4777 fruitur,
1675 4695 1769 4763 caret
1793 4687 1897 4776 alter3
1922 4685 2100 4761 intervalla
2122 4684 2208 4759 loeu-

696 4832 799 4897 rum,
823 4830 885 4905 per
910 4805 1081 4906 quasilla
1107 4806 1216 4894 volat,
1240 4805 1297 4881 hie
1323 4806 1417 4881 lento
1440 4806 1712 4905 gradutransit;
1737 4830 1839 4907 saepe
1856 4806 1893 4883 in
1920 4830 1961 4883 eo
1982 4816 2036 4881 est
2057 4812 2097 4880 ut
2117 4829 2137 4880 a
2156 4801 2210 4877 via
