4959 6175
908 684 1186 755 ORATIO.
1767 688 1808 754 11

289 924 325 975 se
364 896 557 973 revertitur.
607 894 849 995 Philosophia,
886 894 945 969 illo
975 893 1109 983 iudice,
1142 893 1336 969 considerat
1367 893 1509 969 rationis
1534 900 1667 969 motum
1701 895 1811 970 direr-

289 1042 432 1119 sosque,
469 1016 599 1117 quibus
623 1040 664 1093 ea
689 1015 928 1117 progreditur,
961 1015 1109 1115 gradus;
1144 1024 1179 1089 et
1203 1014 1291 1089 ratio
1322 1013 1489 1089 hactenus
1519 1013 1665 1090 conferri
1698 1021 1813 1114 potest

287 1163 368 1215 cum
395 1137 596 1238 corporibus
621 1136 836 1224 viventibus,
874 1135 969 1235 quod
1000 1160 1036 1210 se
1062 1135 1250 1229 evolvenda
1282 1139 1455 1222 mutatur,
1490 1158 1554 1209 nec
1579 1142 1697 1209 tamen
1727 1159 1749 1208 a
1775 1160 1811 1209 se

287 1260 363 1360 ipsa
388 1259 535 1334 recedit:
572 1256 740 1333 hactenus
767 1280 845 1332 vero
879 1256 971 1331 inter
999 1280 1035 1330 re
1061 1256 1277 1355 discrepant,
1311 1252 1407 1353 quod
1431 1254 1518 1329 nihil
1541 1254 1681 1331 aliunde
1704 1255 1813 1329 sumit

288 1377 394 1463 ratio,
420 1375 482 1449 sed
515 1374 633 1449 omnia
659 1398 722 1449 sua
744 1398 787 1449 ex
816 1398 852 1448 se
884 1374 960 1474 ipsa
991 1381 1156 1473 procreat.
1207 1374 1311 1449 Ratio
1347 1382 1485 1463 autem,
1519 1376 1577 1449 cui
1613 1400 1668 1450 res
1692 1400 1813 1451 omnes

289 1496 464 1571 subiectae
501 1500 605 1582 sunt,
643 1518 753 1592 quum
792 1493 837 1567 sit
875 1494 997 1569 eadem
1029 1502 1134 1592 atqua
1165 1494 1244 1582 illa,
1282 1494 1437 1593 quaein
1470 1493 1571 1569 nobis
1595 1495 1744 1595 cogitat,
1775 1495 1812 1569 in

288 1622 454 1715 promptu
476 1622 549 1705 est,
572 1612 635 1714 qui
656 1615 734 1703 fiat,
755 1623 794 1690 ut
809 1613 1044 1714 ,Phuoaphus
1063 1616 1127 1690 hac
1149 1614 1238 1689 bene
1263 1640 1348 1691 usus
1370 1615 1550 1691 scientim
1571 1624 1812 1714 consequatur.

286 1738 419 1811 Rerum
445 1735 539 1811 enim
572 1734 786 1810 dialecticum
822 1734 1007 1809 methodus
1037 1734 1303 1835 philosophandi
1336 1735 1515 1811 dialectica
1538 1736 1705 1811 imitatur.
1755 1735 1813 1811 Ab

289 1881 350 1945 eo,
376 1855 472 1955 quod
498 1878 568 1930 non
584 1853 728 1953 cogitari
752 1878 821 1929 non
847 1859 980 1952 potest,
1002 1852 1100 1927 initio
1123 1863 1256 1941 sumto,
1280 1856 1395 1953 pergit
1413 1857 1459 1930 ad
1476 1856 1653 1930 notionem
1679 1862 1813 1930 contra·

286 1976 373 2051 mam
397 1976 616 2075 prioremque
640 1980 843 2072 negantem:
870 1972 1065 2072 negationis
1092 1973 1242 2073 denique
1276 1974 1461 2072 negatione
1484 1973 1596 2073 prior,
1626 1974 1689 2049 sed
1721 1999 1815 2049 nunc

288 2096 517 2195 amplificate,
543 2094 748 2170 restituitur.
798 2094 950 2169 Notione
977 2094 1088 2180 enim,
1122 2117 1211 2191 quae
1237 2118 1281 2166 ex
1303 2095 1415 2191 priore
1438 2103 1513 2169 orta
1550 2102 1623 2184 est,
1647 2120 1727 2169 cum
1751 2096 1816 2170 hac

286 2215 427 2303 collata,
447 2221 589 2313 apparet
605 2212 727 2287 ambas
744 2236 820 2287 essa
840 2221 955 2309 partes
974 2213 1095 2286 tertiae
1113 2218 1298 2309 utramque
1318 2211 1527 2301 sublimiori,
1548 2238 1653 2312 quam
1673 2227 1816 2303 vocant,

287 2333 421 2407 unitate
440 2330 709 2429 complectentis.
746 2330 805 2404 Ad
823 2329 917 2404 hunc
939 2330 1084 2404 modum
1104 2329 1248 2404 rationis
1267 2354 1376 2428 purae
1396 2339 1530 2429 partes,
1548 2356 1662 2430 neque
1684 2332 1816 2432 logicae

285 2459 422 2528 tantum
446 2449 654 2548 categoriae,
677 2449 739 2524 sed
761 2456 906 2523 naturae
928 2447 1033 2521 etiam
1053 2446 1251 2546 mentisque
1271 2448 1308 2521 in
1328 2447 1441 2522 lucem
1463 2459 1637 2527 vocantur.
1672 2452 1817 2526 Fatetur

286 2596 368 2649 sane
392 2570 476 2647 haee
503 2568 726 2667 Philosophia
754 2568 800 2643 ad
830 2566 947 2643 omnia
973 2567 1212 2667 cognoscenda
1238 2592 1343 2643 usum
1375 2568 1519 2643 rationis
1542 2593 1613 2645 uon
1639 2573 1813 2661 sufficere;

287 2692 427 2768 obstare
454 2689 548 2765 enim
575 2694 710 2788 praeter
734 2687 801 2764 alia
823 2687 919 2794 quod
944 2688 1057 2763 multa
1080 2687 1237 2764 accidant
1259 2687 1420 2765 fortuito:
1446 2713 1561 2789 neque
1587 2715 1628 2765 eo
1660 2690 1816 2790 procedit

286 2812 516 2913 arrogantiae,
554 2818 594 2886 ut
623 2809 831 2897 contendat,
867 2808 1141 2906 Philosophum,
1176 2809 1207 2883 si
1233 2808 1445 2908 experientia
1473 2811 1659 2900 caruisset,
1696 2835 1817 2886 serum

288 2932 513 3009 nihilominus
535 2929 831 3030 deprehensorum
852 2927 976 3004 fuisses
1002 2928 1063 3003 sed
1086 2928 1252 3027 quoniam
1271 2930 1322 3003 τά
1339 2930 1462 3018 ὄντως
1481 2932 1577 3007 ὄντα
1597 2937 1680 3006 sunt
1700 2932 1817 3023 νοητά

287 3061 323 3130 et
347 3054 397 3129 τοὶ
427 3052 545 3146 νοητά
580 3050 731 3128 vicissim
756 3053 879 3139 ὄντως
902 3051 1019 3138 ὄντα,
1056 3074 1117 3139 ea,
1154 3072 1244 3149 quae
1274 3073 1391 3126 revere
1427 3059 1509 3127 sunt
1544 3057 1652 3127 etex
1685 3051 1817 3126 ratione

288 3180 472 3248 manarunt
504 3171 680 3261 absoluta,
710 3197 747 3247 se
779 3172 934 3272 produnt
963 3169 1193 3269 Philosopho‚
1229 3169 1373 3245 rationis
1400 3172 1491 3247 uiam
1517 3171 1540 3247 i.
1554 3197 1585 3248 e.
1610 3171 1815 3263 methodum

290 3291 504 3368 dialecticem
529 3315 676 3391 vereque
704 3292 949 3393 speculativam
976 3289 1145 3389 sequenti.

338 3411 503 3486 Hcaamr
529 3414 768 3489 auctoritatem
799 3422 896 3489 extra
921 3409 1144 3486 Germaniam
1175 3409 1300 3509 pauci,
1324 3411 1577 3486 Germanorum
1602 3411 1686 3484 satis
1712 3410 1815 3484 multi

289 3531 398 3608 secuti
425 3539 525 3607 sunt:
562 3533 625 3606 aad
650 3531 741 3609 inter
764 3533 826 3608 hos
856 3555 996 3632 quoque
1024 3540 1146 3606 nectus
1175 3537 1228 3605 est
1262 3520 1493 3619 edvemanos,
1527 3530 1589 3629 qui
1623 3528 1815 3637 luculenter

291 3653 583 3743 demonstrarent,
620 3654 731 3743 uam,
758 3679 863 3753 quam
894 3653 952 3728 ille
977 3651 1103 3727 rationi
1133 3651 1317 3738 tribueret,
1352 3674 1456 3725 sanae
1479 3649 1605 3725 rationi
1636 3649 1815 3724 mserum

288 3797 380 3862 esse;
406 3799 496 3873 quae
520 3781 637 3850 autem
661 3774 857 3850 dialecticae
881 3797 965 3848 suae
987 3770 1197 3848 adscriberet
1218 3769 1358 3846 ahuuda
1379 3793 1454 3844 esse
1476 3770 1638 3846 derivata.
1688 3769 1812 3844 Admi-

288 3893 395 3968 randa
422 3891 575 3992 prolecto
601 3893 669 3969 luit
694 3917 846 3969 necron
877 3893 1063 3994 sagacitas,
1095 3892 1284 3990 multisque
1308 3892 1414 3966 rebus
1445 3891 1558 3968 lucem
1591 3890 1725 3980 attulit;
1752 3892 1814 3966 sed

291 4010 355 4086 hoc
385 4035 455 4086 non
482 4011 646 4086 methodo
676 4013 822 4088 debetur
855 4011 900 4086 ab
931 4013 991 4087 illo
1014 4013 1174 4087 inuentae
1198 4018 1261 4085 aut
1284 4011 1507 4100 emendatae,
1532 4023 1651 4086 verum
1674 4011 1814 4111 ingenio

287 4131 381 4206 illius
405 4131 649 4231 doctrinaeque
677 4132 819 4232 insigni.
856 4127 1094 4231 'Philosophia
1120 4140 1237 4206 tamen
1262 4131 1338 4205 eius
1360 4132 1566 4207 documento
1593 4131 1679 4221 luit,
1715 4156 1813 4221 eum,

288 4250 350 4350 qui
375 4250 439 4326 hae
464 4251 519 4326 via
545 4276 661 4327 verum
687 4253 894 4352 investigere
920 4252 1079 4340 studeat,
1104 4252 1221 4326 oleum
1245 4259 1281 4326 at
1304 4274 1444 4350 operam
1468 4251 1620 4351 perdere.
1687 4299 1690 4304 -

336 4369 386 4442 At
410 4374 510 4457 suat,
537 4369 599 4468 qui
625 4371 692 4445 etsi
723 4370 956 4469 perspiciunt,
981 4368 1197 4459 absolutam,
1223 4394 1313 4468 quae
1347 4393 1385 4444 se
1403 4370 1528 4458 iactat,
1561 4371 1812 4471 philosophiam

287 4487 457 4587 promissa
482 4513 546 4563 sua
569 4512 638 4565 non
660 4491 809 4578 solvere,
835 4487 963 4564 adduci
985 4497 1101 4564 tamen
1122 4488 1178 4564 vix
1204 4489 1339 4587 possint
1360 4497 1401 4564 ut
1425 4489 1610 4579 fateamur,
1635 4490 1812 4590 experien-

287 4608 372 4682 tiam
405 4609 519 4684 0mnis
552 4610 714 4686 scientiae
750 4609 893 4685 unicum
932 4633 1006 4684 csse
1040 4609 1182 4685 sontem.
1234 4610 1280 4682 Et
1316 4632 1453 4684 summo
1488 4610 1629 4710 quidem
1665 4611 1741 4686 iure
1774 4611 1812 4684 id

287 4735 470 4827 negarant,
492 4729 522 4803 si
542 4732 677 4821 omnia,
704 4755 793 4831 quae
814 4728 1043 4828 experientiae
1062 4729 1270 4818 tribuimus,
1291 4754 1333 4804 ex
1355 4753 1556 4805 sensuum
1579 4737 1814 4829 repeteremus

287 4848 514 4948 perceptione.
566 4849 712 4928 Constat
748 4851 842 4927 enim
876 4849 1035 4927 notitiam
1071 4848 1173 4928 nobis
1207 4849 1320 4925 inesse
1353 4849 1477 4925 talium
1510 4876 1649 4950 quoque
1674 4871 1809 4938 rernm,

451 4975 457 4986 .
1541 4973 1562 5043 2
1573 4971 1595 5016 ,
