4959 6175
875 759 1155 830 onsrlo.
1716 755 1781 827 161

246 975 413 1067 redeunt,
436 975 624 1076 quodiam
645 980 727 1050 aute
750 971 884 1048 exitum
902 995 947 1046 ex
969 971 1132 1070 Aegypto
1155 975 1335 1069 tamquam
1352 969 1564 1069 promissum
1581 971 1630 1047 sio
1642 995 1780 1073 expres·

248 1118 329 1172 sum
361 1094 575 1197 reperimus:
620 1095 795 1170 nSumam
830 1116 890 1168 vos
922 1089 1010 1167 mihi
1035 1089 1207 1198 populum
1229 1097 1266 1166 et
1288 1113 1347 1164 ero
1372 1090 1469 1166 robis
1494 1097 1580 1186 (non
1602 1117 1682 1184 rea,
1704 1095 1781 1192 sed)

249 1217 388 1294 Deus.'’

300 1339 366 1414 Est
401 1338 522 1439 itaque
554 1333 744 1412 theocratia
776 1332 914 1434 proprie
944 1329 1033 1407 nihil
1063 1329 1161 1406 aliud
1194 1329 1264 1406 nisi
1293 1353 1357 1405 sua
1379 1331 1455 1406 Deo
1479 1333 1640 1411 maiestas
1665 1361 1687 1412 a
1710 1343 1785 1413 toto

248 1459 381 1560 populo
412 1457 587 1558 adscripta
615 1461 652 1530 at
684 1453 828 1530 tributa.
869 1453 948 1544 Qua
978 1452 1017 1527 in
1046 1477 1085 1528 re
1113 1451 1283 1527 nonnulla
1307 1458 1430 1527 notatu
1458 1452 1565 1554 digna
1587 1463 1688 1546 sunt,
1713 1455 1794 1532 iam

249 1577 459 1678 diligentius
483 1603 505 1654 a
527 1576 630 1652 nobis
652 1573 848 1650 indicanda.
1193 1563 1202 1567 ’

299 1699 349 1773 Ει
384 1698 497 1799 primo
532 1696 677 1796 quidem
713 1693 873 1770 videmus
906 1693 995 1768 hanc
1033 1691 1260 1767 theocratiam
1298 1698 1390 1768 arcte
1424 1693 1604 1770 cohaerere
1633 1719 1714 1770 cum
1743 1695 1788 1771 iis

251 1843 344 1919 quse
366 1818 412 1893 de
432 1818 531 1893 cultu
554 1818 631 1891 Deo
651 1823 832 1914 tamquam
851 1812 1010 1888 omnium
1032 1836 1148 1886 rerum
1170 1811 1302 1886 auctori
1325 1820 1361 1888 et
1381 1812 1523 1888 domino
1549 1814 1594 1889 ab
1620 1815 1788 1892 Israelitis

250 1937 391 2014 reddito
422 1937 634 2013 monuimus.
685 1936 830 2014 Frustra
861 1933 956 2010 enim
988 1932 1207 2008 contendunt
1240 1933 1416 2009 Israeliten
1448 1957 1553 2009 sunm
1578 1934 1788 2034 peculiarem

252 2058 420 2134 habuisse
451 2045 570 2132 Deum
605 2063 819 2132 caeterarum
849 2053 1008 2154 gentium
1043 2052 1111 2128 diis
1140 2051 1352 2153 oppositum.
1393 2055 1514 2129 Fuerit
1540 2055 1607 2132 iste
1635 2057 1786 2133 nonnul·

252 2181 368 2256 lorum
400 2178 582 2255 radiorum
616 2176 798 2252 hominum
832 2198 945 2264 error,
979 2175 1057 2275 ipsa
1090 2171 1193 2248 verba
1220 2199 1242 2246 a
1271 2173 1372 2248 nobis
1398 2175 1519 2252 allata:
1558 2201 1666 2252 nmea
1693 2177 1789 2254 enim

253 2307 309 2378 est
331 2307 407 2376 tota
427 2300 566 2388 terra,'’
591 2298 832 2373 demonstrant
854 2317 937 2370 eum
958 2293 1005 2369 ab
1026 2316 1146 2368 eorum
1167 2293 1333 2393 religione
1356 2319 1434 2368 rere
1457 2295 1639 2371 abhorrere
1660 2297 1791 2397 ipsam·

255 2445 326 2521 que
354 2420 477 2521 populi
511 2417 694 2495 Israelitici
728 2440 819 2516 quae
855 2415 984 2490 dicitur
1006 2414 1211 2489 electionem
1234 2439 1305 2490 non
1330 2415 1551 2515 impedivisse
1577 2441 1647 2516 quo
1673 2419 1791 2494 miuus

255 2547 371 2616 totum
392 2548 563 2615 terramm
586 2537 708 2613 orbem
731 2537 808 2612 Deo
832 2535 1030 2610 subiectum
1055 2559 1131 2609 esse
1151 2543 1364 2633 agnosceret.
1738 2629 1740 2634 Ι

303 2659 669 2737 Animadvertendum
704 2679 809 2758 porro
846 2656 979 2730 nullam
1013 2654 1156 2730 omniuo
1187 2654 1337 2730 civitatis
1373 2654 1636 2732 constituendae
1665 2641 1821 2755 regua,

256 2779 365 2856 daero
395 2778 543 2855 formam
571 2777 781 2873 theocratiae
802 2800 1015 2876 repugnare,
1049 2799 1170 2850 omnes
1193 2798 1273 2849 vero
1293 2773 1422 2874 pariter
1445 2801 1527 2850 cum
1551 2801 1592 2852 ea
1620 2777 1795 2854 concihari

256 2924 381 3000 posse,
416 2899 473 2974 uti
508 2906 544 2973 et
572 2897 717 2974 historia
749 2896 851 2972 docet
875 2897 1046 2972 elementa
1072 2895 1245 2996 quaedam
1272 2896 1520 2987 democratica,
1545 2899 1795 2995 aristocratica,

258 3019 482 3097 monarchici
509 3041 646 3119 semper
680 3018 718 3093 in
756 3016 993 3093 israelitarum
1024 3016 1163 3093 civitate
1192 3015 1354 3108 affuisse,
1379 3043 1400 3092 o
1423 3018 1553 3118 quibus
1579 3021 1798 3099 monarchias

259 3139 409 3240 quidem
431 3139 717 3239 praevaluerunt,
741 3162 807 3214 nec
827 3145 945 3212 tamen
963 3138 1014 3213 ita
1034 3145 1076 3212 ut
1096 3145 1232 3213 caetera
1254 3138 1357 3239 plane
1378 3140 1634 3240 extinguerent.
1661 3144 1796 3222 Quam-

259 3259 385 3335 obrem
415 3258 634 3335 vehementer
662 3258 831 3334 falluntur
866 3259 928 3358 qui
959 3265 1087 3358 putant
1116 3258 1342 3335 theocratiam
1373 3260 1600 3336 Israeliticam
1622 3265 1798 3361 tyrannidi

258 3379 378 3455 favere
407 3402 472 3453 neo
498 3379 610 3454 ullum
638 3380 795 3478 regimen
824 3378 913 3454 ferre
938 3378 1006 3454 nisi
1031 3379 1266 3455 monarchiam
1290 3379 1487 3455 absolutam
1511 3388 1548 3457 et
1572 3381 1800 3483 despoticcm.¹

258 3500 401 3577 Eodem
434 3500 539 3600 plane
566 3499 672 3576 modo
702 3499 797 3600 apud
827 3499 1003 3575 Israelitas
1039 3498 1133 3574 iusta
1160 3499 1333 3597 quaedam
1368 3500 1553 3576 auotoritas
1586 3502 1718 3579 tributa
1744 3512 1799 3581 est

261 3620 504 3698 sacerdotibus
528 3644 594 3696 neo
613 3627 732 3697 tamen
754 3645 795 3696 eo
817 3620 926 3698 valuit
949 3619 1046 3720 apud
1069 3644 1128 3695 eos
1148 3618 1338 3695 theocratia
1363 3628 1404 3694 ut
1426 3646 1503 3695 vere
1525 3620 1714 3700 hierarchia
1736 3632 1799 3700 aut

150 3789 154 3800 ·
262 3742 346 3818 oriri
369 3740 534 3815 debuerit
556 3749 619 3816 aut
643 3748 721 3817 orta
746 3741 802 3817 sit.

311 3859 548 3934 Infitiandum
583 3867 676 3934 certe
713 3884 785 3935 non
820 3867 893 3949 est,
928 3870 1033 3959 atque
1068 3859 1133 3934 hoc
1163 3859 1308 3934 tertium
1339 3869 1393 3934 est
1427 3860 1523 3959 quod
1554 3859 1800 3955 attendamus,

264 3979 513 4069 theocratiam,
552 4004 757 4079 supremum
790 3980 890 4055 illum
922 3980 992 4055 Dei
1015 4004 1095 4073 ‚non
1128 3980 1165 4054 in
1198 3961 1336 4056 civitate
1370 3980 1645 4057 administranda
1672 3982 1734 4056 sed
1762 3981 1801 4059 in

264 4108 341 4175 tola
366 4098 491 4200 populi
518 4099 590 4174 vita
615 4109 721 4199 atque
750 4100 867 4175 animo
892 4098 1145 4200 principatum,
1179 4102 1250 4175 vim
1276 4108 1312 4175 et
1338 4100 1526 4177 efficaciam
1550 4101 1740 4201 quamdam
1763 4104 1802 4179 iu

267 4218 382 4295 varim
405 4244 462 4294 res
487 4225 525 4294 et
545 4218 707 4295 instituta
728 4219 912 4298 exeruisse.

316 4339 364 4413 In
380 4338 513 4438 quihus
526 4338 591 4415 hoc
610 4346 692 4415 ante
705 4340 822 4415 omnia
838 4340 1182 4416 commemorandum
1202 4348 1274 4430 est,
1297 4340 1364 4415 etsi
1384 4338 1545 4440 equidem
1566 4338 1638 4415 fere
1659 4341 1802 4419 reticere

267 4457 434 4547 mallem,
472 4458 556 4557 quia
589 4459 748 4535 omnium
781 4461 933 4536 maxime
968 4460 1175 4535 theocratiae
1208 4459 1455 4535 detrectatores
1487 4461 1524 4534 in
1560 4460 1689 4536 malam
1723 4488 1802 4563 par·

269 4586 345 4653 tem
381 4577 589 4677 detorquere
612 4589 883 4671 consueverunt,
919 4580 1014 4680 quod
1039 4579 1219 4655 Israelitae
1240 4604 1360 4679 regem
1385 4605 1512 4671 suum,
1536 4580 1696 4682 quisquis
1724 4590 1802 4660 tan·

269 4697 356 4773 dem
385 4705 495 4787 esset,
527 4700 649 4776 aDeo
674 4700 847 4790 electum,
872 4701 940 4776 sibi
965 4701 1107 4789 datum,
1133 4707 1294 4776 sanctum
1314 4692 1504 4777 habehant.
1558 4702 1641 4781 Quo
1663 4711 1804 4783 tantum

271 4817 373 4893 abest
405 4824 449 4891 ut
477 4819 571 4918 regis
603 4820 744 4896 arbitrio
768 4804 870 4921 plane
893 4821 1170 4921 relinquerentur
1193 4830 1230 4895 et
1253 4820 1428 4921 quidquid
1452 4829 1607 4921 posceret
1629 4822 1686 4899 ille
1709 4824 1748 4897 id
1770 4824 1804 4899 ei

270 4937 462 5014 concedere
494 4948 722 5039 cogerentur,
757 4950 800 5015 ut
822 4941 892 5041 ipsi
916 4941 1149 5041 potentissimi
1173 4966 1273 5043 reges
1301 4967 1371 5019 non
1397 4942 1514 5019 minus
1538 4968 1645 5043 quam
1671 4945 1803 5021 tenuis·

1585 5066 1633 5139 21
