4959 6175
678 651 743 720 116
1278 652 1313 719 Ρ.
1349 650 1599 718 lldRTlltG

677 859 822 949 tundat,
857 867 897 933 ut
931 856 975 932 de
1011 857 1186 946 universa,
1222 881 1312 956 quae
1347 858 1509 934 solvenda
1538 865 1630 947 erat,
1666 858 1887 958 quaestione,
1920 885 2009 957 quae
2041 861 2197 960 scriptori

676 979 846 1080 placuerit
869 976 1057 1067 sententia,
1083 976 1191 1052 varias
1212 977 1250 1050 in
1269 985 1385 1077 partes
1405 977 1499 1052 baud
1519 977 1790 1078 improbabiliter
1812 977 1922 1078 possis
1942 979 2144 1079 disceptare.
2229 1013 2233 1022 ¹

730 1101 864 1180 Quarta
897 1096 1103 1196 disputatio,
1134 1120 1332 1200 naarrnorr
1359 1097 1452 1172 dicto
1481 1105 1616 1173 notata:
1653 1097 1710 1172 Dc
1731 1101 1882 1200 question
1912 1101 2068 1174 drulcnle
2092 1109 2192 1174 caett

676 1218 779 1318 longe
801 1217 937 1319 plnres,
963 1241 1181 1316 quamquae
1205 1218 1362 1318 proxime
1387 1233 1575 1294 memorate
1599 1225 1652 1294 est
1673 1219 1934 1309 commentatio,
1961 1225 2084 1294 tractat
2103 1220 2194 1296 locos

674 1337 886 1426 Iohanneos,
917 1360 1045 1434 eosque
1078 1336 1354 1437 qualemcunque
1383 1337 1605 1414 inordinem
1625 1338 1819 1436 classesque
1844 1363 1912 1412 non
1939 1339 2041 1437 plane
2063 1340 2192 1414 incom-

676 1458 781 1532 mode
821 1455 1027 1531 distribuere
1056 1463 1210 1532 conatur.
1261 1459 1343 1538 Qua
1373 1458 1409 1532 in
1441 1483 1543 1558 opera
1572 1483 1699 1560 magne
1721 1467 1876 1534 versatur
1895 1458 2066 1534 industria
2089 1472 2193 1558 etque

674 1579 810 1652 intento
849 1576 936 1651 nihil
968 1576 1266 1676 praetermittendi
1295 1577 1420 1654 studio.
1470 1578 1601 1653 Verum
1639 1577 1804 1652 laudabili
1840 1577 1941 1666 huic,
1980 1602 2050 1677 qua
2081 1585 2192 1654 totum

673 1697 857 1797 complecti
882 1705 1025 1770 conatus
1050 1703 1104 1769 est
1127 1704 1391 1794 argumentum,
1416 1697 1606 1772 industriae
1628 1698 1813 1798 studioque
1833 1697 1953 1772 iudicii
1974 1697 2101 1772 sanitas
2123 1721 2191 1772 non

672 1817 858 1918 respondet
892 1839 956 1889 nec
986 1812 1171 1887 subtilitas.
1221 1813 1278 1888 Ne
1308 1814 1400 1889 enim
1431 1815 1475 1888 de
1504 1823 1658 1891 contorta
1683 1815 1839 1890 dicamus
1863 1814 2015 1914 plurium
2039 1815 2188 1915 locqrum

672 1934 976 2035 interpretatione,
1010 1933 1121 2007 multa
1156 1933 1325 2008 admiscet
1354 1934 1486 2024 aliena,
1511 1960 1575 2010 nec
1603 1935 1790 2034 quicquam
1818 1959 2026 2034 magnopere
2051 1936 2097 2010 ad
2120 1961 2191 2011 rem

670 2063 888 2157 praesentem
910 2053 1088 2142 facientia,
1113 2053 1241 2128 iterum
1265 2053 1464 2153 iterumque
1484 2055 1606 2130 eadem
1630 2055 1720 2144 lere,
1744 2079 1808 2129 nec
1829 2061 1944 2128 tamen
1969 2055 2036 2129 sibi
2058 2079 2191 2154 semper

670 2175 881 2263 constantia,
916 2182 1068 2273 repetere
1098 2197 1169 2246 non
1203 2173 1362 2262 dubitat;
1395 2198 1459 2250 nec
1484 2199 1561 2248 vero
1584 2181 1712 2250 certam
1734 2174 1936 2272 disputandi
1963 2175 2053 2248 viam
2077 2173 2189 2272 sequi·

668 2303 727 2370 tur
764 2322 804 2371 ac
835 2294 1014 2370 rationem.
1066 2290 1132 2366 Vel
1162 2292 1211 2368 sic
1243 2300 1359 2369 umen
1385 2302 1458 2369 tam
1485 2295 1694 2394 singularem
1718 2294 1824 2369 habet
1846 2293 2095 2392 disputatione
2116 2304 2188 2368 tam

669 2414 831 2490 eximiam
866 2410 1058 2486 industriae
1088 2413 1354 2510 praestantiam,
1385 2421 1425 2488 ut
1453 2414 1596 2513 dignam
1625 2437 1702 2489 eam
1728 2411 1983 2500 censuerimus,
2009 2437 2099 2509 quae
2124 2439 2187 2512 pu·

667 2534 759 2609 blico
779 2532 893 2608 landis
915 2537 1093 2606 ornaretur
1115 2530 1323 2608 testimonio.

722 2656 872 2742 Quinta,
897 2676 1004 2751 quam
1027 2650 1249 2726 iudicandam
1278 2652 1493 2752 accepimus,
1518 2652 1763 2728 commentatio
1787 2650 1950 2726 omnibus
1973 2658 2095 2726 notum
2122 2651 2187 2726 sibi

669 2773 865 2874 symbolum
901 2777 1071 2847 sumserat
1107 2769 1260 2846 dictum:
1308 2774 1397 2848 Dies
1428 2776 1515 2848 diem
1550 2755 1663 2848 docet(
1716 2772 1835 2846 Huius
1877 2771 2019 2870 quidem
2057 2773 2187 2846 Auctor

670 2896 789 2996 scripti
824 2918 894 2969 non
927 2916 1067 2981 omnes,
1106 2916 1195 2991 quos
1227 2893 1369 2968 omnino
1404 2898 1619 2993 oportuerat,
1654 2891 1826 2967 consuluit
1860 2892 1975 2990 quarti
2010 2891 2186 2990 Evangelii

666 3019 888 3116 Interpretes.
938 3015 1013 3088 Nec
1048 3036 1183 3113 semper
1215 3012 1347 3112 ipsam,
1383 3039 1472 3114 quae
1504 3014 1643 3089 Christo
1674 3013 1834 3089 habenda
1870 3020 1943 3101 est,
1966 3015 2075 3111 fldem
2105 3012 2185 3089 satis

668 3145 827 3214 accurate
862 3134 907 3210 ab
945 3133 1039 3207 illius
1073 3133 1128 3207 vel
1161 3132 1413 3222 incitamentis,
1446 3133 1500 3207 vel
1535 3132 1770 3208 fundamentis
1803 3132 2001 3207 distinxisse
2040 3132 2183 3207 videtur.

666 3256 748 3332 Alia
768 3256 873 3331 etiam
897 3250 1039 3327 nonulla
1062 3250 1116 3325 vel
1133 3250 1243 3327 forma
1270 3252 1394 3342 hebet,
1418 3253 1472 3327 vel
1494 3253 1636 3328 materia
1660 3277 1730 3326 non
1754 3253 1855 3352 plane
1877 3250 2065 3351 probanda.
2117 3251 2184 3325 Sed

667 3374 926 3476 qualescunque
959 3371 1023 3446 bos
1056 3369 1211 3446 delectus
1246 3373 1382 3473 magnis
1414 3374 1547 3448 Auctor
1574 3380 1774 3472 compensat
1797 3371 1897 3446 bonis
1922 3398 1963 3446 ac
1986 3370 2181 3446 virtutibus.

665 3498 709 3571 In
744 3493 893 3593 quibus,
928 3492 995 3569 alia
1030 3515 1074 3565 ne
1107 3514 1355 3581 memoremus,
1387 3492 1636 3591 interpretandi
1668 3516 1797 3567 sacram
1829 3492 2032 3590 scripturam
2061 3490 2183 3565 eximia

666 3614 822 3703 excellit,
855 3638 917 3712 pro
951 3610 1093 3686 iuvenili
1118 3610 1259 3710 quidem
1284 3619 1417 3699 aetate,
1441 3611 1603 3699 facultas,
1628 3634 1733 3709 quam
1754 3609 2045 3709 interpretationis
2063 3608 2183 3709 probat

669 3733 785 3807 ratim
822 3731 1044 3830 simplicitas,
1077 3731 1286 3831 ἀκρίβεια,
1320 3729 1514 3819 subtilitas,
1544 3739 1648 3829 atque
1678 3729 1835 3805 universe
1861 3754 1898 3803 re
1925 3736 2097 3827 spectata,
2123 3730 2182 3803 bo·

668 3850 771 3926 nitas.
823 3850 995 3928 Quocirca
1017 3850 1160 3948 dignam
1181 3849 1317 3924 censuit
1334 3848 1431 3922 Ordo
1449 3849 1790 3937 commentationem,
1815 3849 1872 3924 cui
1890 3872 2034 3923 aureum
2055 3848 2183 3924 tribue·

664 3976 760 4044 retur
780 3968 983 4069 praemium.
1435 3956 1439 3961 ’

720 4090 828 4163 Secta
849 4086 991 4163 tandem
1011 4086 1113 4161 nobis
1135 4085 1320 4162 iudicanda
1344 4086 1568 4165 incumbebat
1591 4088 1796 4189 disputatio,
1822 4110 2069 4164 rnnrunnranr
2090 4088 2182 4163 dicto

668 4207 852 4307 insignita:
895 4210 974 4283 cum
1002 4210 1167 4283 credimus
1184 4216 1287 4283 caett.
1335 4209 1445 4283 Cuius
1475 4210 1616 4308 quidem
1645 4209 1789 4307 scriptor
1811 4232 1879 4283 non
1902 4208 2052 4296 minore,
2077 4232 2182 4305 quam

670 4326 732 4426 qui
765 4327 919 4426 proxime
950 4334 1161 4403 memoratus
1190 4336 1261 4417 est,
1292 4327 1394 4403 laude
1418 4328 1546 4430 dignus
1566 4329 1771 4404 censebatur
1793 4338 1898 4426 atque
1922 4326 2061 4401 bonore.
2112 4326 2181 4399 Sed

669 4446 797 4545 dispari
836 4445 874 4519 id
910 4446 1061 4537 ratione,
1100 4472 1164 4523 nec
1198 4447 1301 4548 plane
1335 4456 1474 4549 propter
1507 4447 1649 4524 eandem
1688 4446 1916 4546 praestantiae
1952 4446 2081 4521 dotem.
2130 4445 2183 4519 lla

669 4564 783 4654 enim,
810 4588 880 4663 qua
908 4566 1061 4642 cernitur
1087 4571 1207 4669 quinta
1234 4568 1294 4645 illa
1319 4568 1485 4658 diatribe,
1510 4574 1666 4643 accurate
1690 4576 1796 4665 atque
1820 4566 1996 4665 eleganter
2016 4568 2181 4662 interpre-

670 4687 769 4759 tandi
798 4682 944 4759 facultas
972 4711 1013 4761 ac
1043 4688 1185 4786 peritia,
1215 4712 1285 4763 non
1313 4688 1414 4788 plene
1438 4687 1579 4787 quidem
1604 4686 1836 4776 desideratur,
1860 4694 1897 4761 at
1920 4709 1989 4759 non
2012 4684 2062 4757 ita
2085 4682 2182 4757 lucu·

671 4805 781 4879 lenter
813 4812 955 4903 apparet
982 4805 1020 4880 in
1041 4814 1140 4882 aecta
1165 4806 1250 4897 bac,
1275 4806 1319 4881 de
1344 4832 1414 4907 qua
1435 4832 1545 4905 quum
1571 4807 1720 4883 manime
1744 4806 1911 4894 dicimus,
1936 4802 2182 4903 disputatione.
