4959 6175
709 657 752 726 82
1265 655 1341 760 sP.
1376 649 1626 720 alarino

707 864 745 938 ia
771 863 858 938 votis
883 869 946 938 est.
996 862 1073 961 Ego
1096 885 1186 960 quae
1212 861 1257 937 de
1280 859 1343 935 hae
1367 859 1436 936 vita
1460 859 1632 958 comperi,
1668 859 1752 934 haee
1773 883 1814 934 ea
1838 856 2042 934 narrationis
2066 857 2227 958 simplici·

707 989 779 1059 tate
808 982 986 1058 vobiscum
1017 981 1271 1056 communicare
1300 979 1466 1069 conabor,
1492 989 1532 1054 ut
1555 979 1743 1078 imaginem
1768 979 1832 1054 riri
1856 977 2139 1054 desideratissimi
2160 1003 2230 1053 non

707 1101 849 1177 omnino
871 1101 1063 1201 requiratis.

754 1342 904 1417 Damna
932 1363 1088 1416 racoaoa
1120 1361 1195 1414 ras
1227 1363 1374 1429 saroa,
1410 1336 1572 1415 dominus
1597 1361 1767 1440 pagorum
1790 1335 1989 1413 Ooatbroelr
2010 1345 2046 1410 et
2071 1335 2115 1410 de
2138 1335 2230 1424 Bilt,

708 1462 765 1537 die
793 1465 839 1536 13
862 1486 910 1537 m.
935 1462 1024 1537 Nor.
1056 1461 1101 1536 A.
1128 1463 1224 1538 1786
1252 1459 1398 1536 [lhaiecti
1420 1459 1465 1535 ad
1489 1459 1653 1534 Rhenum
1678 1481 1720 1532 aa
1741 1456 1869 1532 illustri
1893 1479 2018 1558 genere
2041 1465 2145 1532 natus
2168 1464 2229 1530 est.

705 1583 810 1658 Pater
830 1584 941 1670 enim,
966 1605 1104 1657 raoans
1126 1605 1264 1657 raraos
1287 1604 1361 1655 var
1387 1603 1536 1668 awroa,
1570 1579 1757 1654 eorundem
1781 1599 1950 1679 pagorum
1977 1575 2161 1664 dominns,
2185 1575 2230 1650 ad

704 1725 836 1778 annum
871 1705 965 1777 1795
1002 1698 1145 1773 oonsilio
1177 1697 1317 1797 publico
1347 1697 1494 1772 civitatis
1529 1696 1741 1773 Traiectiuae
1767 1697 1961 1797 adscriptus
1986 1695 2063 1771 tuit.
2116 1696 2231 1770 Mater

705 1845 785 1896 vero
817 1843 912 1894 asna
944 1842 1065 1893 naara
1098 1841 1147 1892 na
1182 1841 1230 1892 aa
1265 1839 1383 1891 conas
1419 1816 1491 1890 filia
1528 1815 1596 1890 luit
1625 1839 1733 1891 raras
1759 1841 1807 1892 nr
1829 1841 1877 1892 na
1903 1840 2042 1905 codar,
2067 1815 2227 1890 Consulis

705 1938 1057 2035 Amstelodamensis,
1092 1961 1197 2037 quem
1219 1935 1461 2037 cognominem
1485 1961 1560 2012 esse
1598 1937 1821 2012 meminimus
1846 1937 1966 2036 inclyti
1991 1935 2164 2034 scriptoris
2184 1935 2226 2010 de

695 2061 850 2160 politicis
873 2059 1085 2134 Hollaads'ae
1098 2059 1307 2158 priaopiir,
1332 2057 1527 2132 familiarite
1551 2057 1663 2134 iuncti
1689 2079 1820 2133 rosam
1843 2079 1987 2134 wrrrro.

751 2181 958 2255 llwrcarotr
986 2202 1056 2253 non
1077 2201 1188 2252 unam
1213 2201 1233 2251 e
1257 2177 1379 2252 multis
1402 2177 1562 2252 futurum
1587 2201 1683 2268 esse,
1707 2177 1777 2252 iam
1806 2201 1848 2252 eo
1877 2185 2032 2274 tempore
2052 2174 2227 2276 apparuit,

703 2323 773 2398 quo
807 2298 915 2372 literis
945 2297 1181 2396 doctrinisque
1212 2296 1250 2370 in
1283 2296 1347 2372 hac
1378 2295 1570 2373 Academia
1596 2319 1734 2396 operam
1761 2297 1868 2396 dedit
1916 2293 2084 2370 Disoendi
2105 2291 2225 2368 avidus

702 2418 844 2494 tenebat
864 2417 971 2506 illud,
996 2411 1112 2492 veram
1133 2416 1387 2492 humanitatem
1409 2415 1637 2492 fundamento
1657 2416 1724 2491 niti
1747 2441 1818 2494 non
1842 2416 1960 2491 minas
1983 2414 2102 2514 amplo
2124 2437 2228 2512 quam

702 2539 814 2614 firmo.
863 2538 1002 2614 literae
1023 2546 1060 2612 et
1079 2536 1237 2623 Historia
1260 2537 1439 2638 gentium,
1464 2536 1665 2638 disciplinae
1690 2536 1959 2614 Mathematicus
1986 2543 2022 2610 et
2045 2533 2226 2632 Physioae,

700 2657 925 2757 Philosophia
956 2664 993 2732 et
1026 2656 1305 2757 Inrisprndeutia
1336 2657 1369 2732 ei
1396 2657 1433 2732 in
1461 2656 1592 2732 deliciis
1621 2665 1738 2750 erant,
1763 2657 2015 2760 ingeniumque
2037 2655 2084 2730 ad
2112 2653 2226 2728 multi·

700 2779 827 2879 plicam
861 2779 962 2855 illum
995 2777 1131 2856 cultum
1161 2777 1396 2854 informabant
1424 2785 1460 2855 et
1491 2777 1730 2878 exphcabant,
1762 2802 1832 2879 quo
1856 2778 1931 2878 ipse
1955 2774 2128 2874 multique
2151 2772 2224 2848 eius

702 2899 863 2998 aequales
899 2898 1077 2998 conspicui
1111 2897 1275 2988 luerunt,
1314 2919 1488 2999 quemque
1525 2897 1628 2974 hodio
1664 2898 1701 2974 in
1736 2897 1957 3000 paucioribus
1998 2893 2223 2970 animadverti

702 3017 870 3095 dolemus.
919 3020 964 3095 In
993 3018 1049 3097 his
1080 3026 1208 3095 antem
1231 3018 1375 3108 studiis,
1406 3026 1578 3121 quantum
1602 3044 1640 3097 se
1659 3017 1945 3121 Praeceptoribus
1968 3016 2095 3093 debere
2120 3021 2219 3113 pata·

702 3145 776 3227 ret,
814 3162 990 3213 sermones
1022 3138 1239 3229 indicarunt,
1274 3140 1403 3240 quibus
1439 3140 1490 3215 vir
1523 3148 1635 3217 aetate
1666 3141 1857 3241 provectior
1891 3138 2015 3215 lubens
2050 3158 2220 3223 snosnrr,

703 3280 859 3333 ananau
882 3266 919 3334 et
940 3282 1140 3335 cannosum
1161 3260 1198 3334 in
1218 3260 1358 3360 ingenio
1380 3284 1444 3337 suo
1466 3261 1654 3337 excolendo
1675 3261 1800 3337 merita
1822 3256 1993 3335 celebrare
2018 3256 2160 3333 solebat.

751 3380 873 3457 Quum
907 3404 971 3479 per
1000 3380 1118 3478 plures
1147 3404 1255 3455 annos
1281 3388 1354 3453 toto
1377 3388 1513 3479 pectore
1539 3381 1576 3455 in
1600 3382 1684 3457 haec
1706 3380 1822 3456 studia
1842 3377 2068 3464 incubuerat,
2093 3374 2149 3450 die
2176 3376 2221 3447 13

702 3522 749 3576 m.
779 3498 882 3574 Febr.
915 3500 961 3575 A.
996 3502 1091 3575 1810
1125 3524 1371 3601 progressuum
1402 3525 1545 3577 suorum
1571 3501 1746 3601 specimen
1774 3500 1903 3588 edidit,
1927 3522 1972 3575 ea
1998 3522 2069 3597 quo
2094 3494 2222 3595 optime

703 3621 748 3695 de
779 3645 822 3695 eo
851 3645 986 3721 sperare
1013 3622 1085 3697 sive
1106 3620 1223 3721 potius
1251 3620 1422 3694 confidere
1447 3620 1548 3696 lioero
1572 3621 1674 3719 periti
1702 3620 1824 3695 harum
1846 3643 1963 3695 rernm
1987 3616 2121 3693 iudices
2141 3614 2220 3691 effe·

705 3749 838 3815 cerunt.
888 3742 1172 3818 Dissertationem
1202 3739 1280 3815 dico
1308 3740 1351 3815 de
1377 3747 1572 3837 comparata
1607 3742 1804 3841 caprilionra
1836 3743 1875 3814 io
1901 3739 2058 3813 Malleai
2080 3745 2116 3812 ct
2136 3736 2221 3809 Pli-

704 3860 855 3955 Ioaoplio
887 3860 1018 3946 indoe-
1049 3884 1120 3959 qua
1151 3859 1451 3936 Dissertationea
1486 3858 1731 3959 viginti-trium
1765 3882 1934 3935 annorum
1965 3858 2110 3945 iuvene,
2134 3862 2221 3930 teste

579 3964 593 3973 ”
707 3999 843 4053 ronoco
865 3998 1032 4052 annrsoa
1047 3981 1102 4071 ¹),
1132 4005 1251 4077 mopso
1273 4005 1344 4055 rum
1367 3980 1573 4055 audientium
1597 3982 1763 4079 applausu
1785 3978 1923 4081 publice
1945 3977 2108 4065 defensa,
2130 3998 2219 4051 orsa·

707 4104 766 4173 tus
790 4096 848 4169 ille
870 4103 942 4169 est:
967 4100 1103 4171 Artium
1123 4099 1334 4173 liberalium
1356 4101 1529 4199 Mapiater
1548 4108 1584 4174 et
1607 4100 1849 4199 Philosophiae
1869 4100 2010 4175 Doctor.

759 4218 963 4315 Supererat,
998 4225 1037 4293 ut
1068 4242 1223 4293 summos
1246 4218 1283 4293 in
1317 4226 1464 4317 utroque
1495 4220 1576 4293 Iure
1602 4219 1747 4295 honores
1775 4224 1918 4321 peteret.
1969 4221 2069 4297 Quos
2091 4214 2220 4291 sicum

707 4335 858 4413 delensis
886 4337 1058 4413 Thesibus
1086 4338 1247 4415 Iuridicia
1274 4346 1499 4415 consecutum
1520 4363 1595 4415 esso
1617 4338 1756 4427 dixero,
1780 4363 1850 4414 non
1873 4336 1998 4415 dubito
2023 4336 2109 4439 quin
2135 4358 2218 4409 non·

746 4630 773 4711 ¹)
790 4632 827 4691 In
846 4634 995 4697 Annohtia
1014 4634 1050 4697 ad
1070 4637 1227 4699 Orationem
1245 4640 1279 4700 de
1296 4640 1435 4701 suduosis
1454 4638 1605 4701 wadamiro
1625 4640 1899 4712 sleaotraieotinae,
1919 4636 2025 4699 snus
2045 4594 2109 4696 olias
2128 4636 2220 4704 sorta·

702 4746 765 4901 {g
787 4736 917 4885 {zerim
943 4750 1013 4793 m
1027 4734 1172 4808 aroma
1187 4736 1248 4797 esu
1267 4736 1418 4799 muto·
1436 4738 1585 4816 moseo,
1606 4736 1680 4798 asoa
1695 4736 1805 4819 paones
1824 4735 1870 4797 rte
1893 4740 1929 4797 at
1952 4732 2049 4799 uarat
2070 4734 2105 4793 a
2126 4734 2219 4801 rasa,
