4959 6175
673 606 718 673 38
1222 606 1248 672 Ι.
1283 604 1324 673 G.
1360 604 1654 673 auscensis

671 813 788 889 Paene
813 808 1018 901 credideris,
1044 808 1238 887 satisfacere
1270 836 1352 887 eom
1378 811 1526 887 voluisse
1549 810 1721 887 Martialis
1743 810 1791 901 ¹⁰)
1826 807 1883 883 sui
1905 803 2095 892 desiderio,
2121 790 2219 876 vero

674 930 873 1031 conquesti:

985 1088 989 1095 ’
1079 1098 1265 1179 Temporibus
1283 1097 1386 1159 noem
1405 1102 1481 1161 aetus
1499 1117 1587 1197 quum
1606 1084 1689 1159 cedat
1705 1116 1835 1172 ssorum,

1121 1200 1248 1263 Creverit
1266 1206 1296 1261 et
1314 1200 1403 1263 maior
1422 1220 1486 1263 cum
1505 1201 1585 1262 Duce
1604 1202 1695 1262 Roma
1715 1219 1781 1262 suo:

1079 1301 1229 1379 Ingenium
1248 1302 1320 1363 sacri
1338 1303 1447 1364 mirum
1465 1303 1563 1365 mosa
1582 1302 1723 1376 Maronis,

1120 1405 1182 1465 Nec
1201 1424 1367 1486 quamquam
1386 1411 1465 1467 ona
1483 1406 1558 1467 bella
1576 1426 1675 1467 sonare
1693 1406 1771 1469 tuba.

676 1646 747 1720 Sed
784 1644 937 1721 laborem
971 1646 1077 1723 Silius
1112 1648 1179 1723 sibi
1211 1652 1361 1749 sumpsit
1392 1650 1466 1725 sais
1500 1648 1633 1725 uiribus
1665 1649 1767 1749 longe
1804 1647 1982 1725 maiorem.
2032 1639 2209 1723 Quamvis

676 1766 768 1841 enim
803 1791 825 1840 a
863 1766 1160 1865 digressionibus,
1195 1768 1350 1845 locorum
1389 1779 1426 1845 et
1461 1795 1578 1845 rerum
1617 1767 1924 1868 descriptionibus,
1963 1759 2207 1838 notationibus

676 1886 782 1961 etiam
806 1910 943 1962 morum
965 1886 1040 1961 eius
1058 1887 1193 1963 Persico
1215 1890 1368 1965 multum
1389 1889 1504 1965 laudis
1524 1897 1743 1977 mereantur,
1768 1888 1889 1962 eadem
1912 1892 2029 1961 tamen
2049 1879 2209 1957 referunt

676 2004 806 2103 passim
832 2005 1032 2081 adstrictam
1061 2007 1178 2105 potius
1201 2009 1358 2083 numeris
1381 2010 1576 2098 historiam,
1608 2034 1714 2107 quam
1742 2008 1938 2105 adsurgunt
1963 2003 2009 2079 ad
2037 2000 2212 2075 Aeneidos

675 2125 923 2225 praestantiam
949 2133 984 2200 et
1009 2126 1099 2224 epici
1124 2128 1286 2201 carminis
1310 2124 1540 2203 maiestatem.
1908 2108 1920 2123 x

644 2234 647 2240 ’
726 2246 782 2319 En
809 2245 893 2319 sutis
925 2245 1071 2320 honesta
1100 2246 1261 2349 nomina,
1295 2248 1339 2322 A.
1352 2248 1415 2322 Al
1452 2247 1582 2345 quibus
1615 2248 1727 2323 multa
1756 2246 1787 2321 si
1815 2244 2024 2342 adiungam,
2060 2236 2210 2313 forsitan

677 2366 859 2439 ostendam
882 2364 1046 2462 quidem,
1072 2389 1141 2464 quo
1172 2368 1293 2440 ardore
1316 2368 1439 2441 Musas
1462 2366 1614 2440 Romani
1637 2375 1714 2441 tum
1744 2364 1934 2451 coluerint,
1959 2362 2022 2437 sed
2047 2357 2211 2433 floruisse

681 2492 716 2559 et
740 2483 891 2583 viguisse
926 2483 1010 2557 haec
1043 2484 1160 2571 studia
1191 2509 1261 2559 non
1286 2486 1440 2584 probabo
1472 2485 1609 2561 certius.
1661 2485 1781 2561 Unum
1805 2493 1923 2560 tamen
1953 2482 2082 2557 addere
2108 2477 2212 2551 lubet

681 2622 891 2677 vnaornrou
917 2626 1119 2691 nonanus,
1155 2604 1233 2679 ideo
1257 2607 1352 2704 quod
1384 2631 1457 2682 rem
1494 2632 1658 2708 magnam
1693 2605 1827 2681 stillis
1859 2601 2074 2701 temporibus
2106 2597 2214 2695 plane

681 2720 891 2819 singularem
928 2722 1069 2796 molitus
1103 2732 1167 2799 est.
1219 2725 1403 2823 Scripsisse
1439 2727 1534 2801 enim
1569 2735 1705 2827 praeter
1740 2722 1975 2799 mimiiambos
2010 2714 2214 2793 comoedias

681 2839 810 2943 lertur,
835 2864 983 2939 quarum
1012 2841 1049 2914 in
1082 2843 1204 2917 ceteris
1226 2844 1460 2920 Menandrum
1494 2847 1649 2945 aliosque
1673 2845 1830 2920 eiusdem
1855 2841 1979 2917 aetatis
2011 2836 2214 2913 aemulatus

684 2946 749 3046 sit,
787 2982 857 3033 una
886 2966 1003 3035 autem
1037 2961 1192 3035 retulerit
1224 2965 1438 3041 comoediam
1461 2975 1630 3055 veterem,
1666 2974 1705 3041 et
1734 2965 1783 3039 ita
1815 2961 1979 3060 quidem,
2004 2966 2048 3031 ut
2071 2958 2216 3030 ornaret

685 3078 848 3168 virtutes,
873 3080 1100 3166 insectaretur
1126 3081 1226 3172 vitia,
1252 3093 1293 3158 ot
1316 3084 1406 3170 fictis
1439 3086 1640 3160 nominibus
1666 3085 1845 3170 decenter,
1870 3079 1959 3156 reris
1983 3084 2063 3178 apte
2095 3082 2214 3150 utere·

686 3209 746 3274 tur
770 3202 829 3292 ¹¹).
880 3201 968 3274 Rem
1004 3201 1199 3290 inauditam
1235 3211 1341 3303 atque
1374 3230 1395 3279 a
1430 3204 1612 3302 tyrannide
1647 3212 1825 3303 utcunque
1857 3201 1937 3276 miti
1968 3197 2121 3273 alienam
2155 3191 2216 3267 rix

598 3383 604 3390 .
685 3317 861 3407 crederes,
886 3319 954 3392 nisi
979 3343 1021 3393 er
1043 3327 1131 3394 teste
1150 3332 1329 3421 praesente
1350 3333 1558 3422 compertam
1583 3315 1738 3399 haberes.
1777 3323 2003 3418 Quamquam
2026 3323 2104 3390 tota
2126 3313 2218 3387 boec

687 3436 844 3534 Verginii
868 3463 923 3512 ars
948 3431 1018 3512 non
1041 3446 1112 3513 tam
1135 3439 1171 3513 in
1194 3442 1311 3531 seriis,
1335 3467 1441 3540 quam
1463 3444 1501 3515 in
1523 3443 1663 3516 ludicris
1686 3438 1990 3517 exercitationibus
2012 3431 2218 3533 reponenda

689 3557 835 3633 videtur.
886 3561 984 3638 Quot
1006 3561 1146 3634 omnino
1168 3560 1310 3636 tulerint
1333 3585 1374 3633 ea
1397 3570 1570 3657 tempora,
1595 3570 1714 3657 poetas
1733 3559 1847 3634 dicam
1869 3581 1915 3632 an
1940 3551 2221 3629 versificatores?

691 3674 771 3747 hinc
799 3676 882 3749 satis
909 3677 977 3774 ipsi
1007 3679 1178 3765 efficietis,
1214 3677 1309 3775 quod
1342 3677 1523 3750 cuiusdam
1552 3678 1637 3751 anni
1669 3687 1741 3752 toto
1774 3701 1892 3753 mense
1927 3661 2054 3774 Aprili
2072 3669 2218 3744 nullum

692 3791 763 3894 lere
798 3792 889 3864 diem
912 3794 1126 3889 praeteriisse
1150 3794 1320 3893 legimus,
1351 3819 1422 3892 quo
1454 3820 1524 3871 non
1557 3796 1715 3870 recitaret
1748 3791 1873 3894 aliquis
1894 3798 1955 3886 ¹²³).
2006 3787 2221 3866 Delectabat

694 3933 735 3982 ea
761 3931 816 3980 rea
839 3907 1012 3996 Plinium,
1048 3935 1150 4006 quem
1178 3920 1213 3984 et
1240 3912 1357 4008 ipsum
1382 3922 1561 4011 poetarum
1587 3901 1690 3988 choro
1723 3940 1799 3990 sesa
1823 3910 2055 3988 immiscuisse
2090 3915 2221 3982 notum

697 4035 768 4113 est,
793 4026 887 4122 quod
912 4026 1067 4123 vigerent
1099 4029 1229 4118 studia,
1256 4031 1446 4129 proferrent
1474 4056 1510 4105 se
1540 4032 1679 4130 ingenia
1709 4032 1889 4108 hominum
1918 4039 1955 4104 et
1983 4033 2219 4104 ostentarent.

699 4143 768 4216 Cui
800 4143 960 4240 equidem
994 4147 1183 4222 sententiae
1209 4172 1278 4223 non
1311 4150 1361 4224 ito
1386 4150 1484 4224 facile
1509 4150 1786 4248 subscripserim,
1820 4150 1884 4248 qui
1909 4149 2028 4224 minus
2063 4146 2224 4244 benigne

700 4259 743 4334 de
764 4260 904 4358 privatis
925 4262 992 4337 illis
1017 4265 1172 4340 coetibus
1193 4267 1370 4355 existimo,
1396 4268 1525 4366 quibus
1549 4268 1609 4342 ills
1637 4275 1749 4342 aetate
1774 4269 1838 4342 riri
1861 4268 2041 4342 literarum
2070 4263 2224 4339 studiosi

700 4400 764 4450 sua
786 4375 876 4449 inter
901 4402 936 4450 se
963 4381 1130 4471 carmina,
1151 4395 1236 4457 'suas
1261 4383 1419 4458 historias
1445 4385 1580 4482 aliaque
1604 4384 1747 4481 scripta,
1778 4393 1967 4484 antequam
1993 4385 2224 4482 evulgarent,

703 4493 803 4590 quasi
836 4498 1108 4593 recognoscenda
1136 4501 1277 4576 recitare
1301 4502 1467 4577 solebant.
1517 4501 1634 4599 Magis
1655 4500 1768 4598 placet
1792 4506 1913 4580 audire
1935 4511 2128 4580 testantem
2152 4502 2226 4593 ¹³):

1184 4699 1186 4702 -
1398 4660 1498 4739 Spissis
1516 4658 1631 4736 indigno
1648 4659 1763 4720 theatris

1081 4753 1188 4842 Scripta
1207 4757 1291 4836 podet
1310 4759 1425 4821 recitare
1444 4766 1473 4820 et
1490 4760 1572 4836 nugis
1590 4758 1690 4822 addus
1708 4759 1825 4841 poudm.
