4959 6175
681 701 686 855 ᾗ
747 747 941 815 seems
973 747 1304 818 spumosum.
1417 767 1419 772 v
1724 748 1788 816 1ss

316 953 550 1030 Oecomcmiam
574 953 722 1028 ruralem
743 977 775 1030 o.
797 977 833 1030 s.
854 977 1045 1045 sssossm,
1069 955 1194 1033 diebus
1217 955 1378 1034 mercurii
1399 961 1435 1032 et
1456 954 1608 1044 sstumi3
1629 953 1713 1030 bora
1730 953 1787 1045 X,

262 1072 351 1148 duae
373 1073 579 1173 compendio
600 1096 682 1148 suo:
708 1073 901 1152 Hamddoelr
927 1101 1008 1152 coar
1027 1078 1070 1151 rte
1099 1077 1374 1154 Vadmlamdecle
1393 1077 1787 1166 Lamraaaomkame,

263 1193 318 1269 od
344 1192 435 1268 'l'rsi
460 1193 507 1268 sd
531 1192 644 1268 Rhen.
672 1193 779 1270 1842.

310 1315 581 1388 Eacmeiamilae
604 1314 768 1389 lotaaicie
791 1313 938 1414 singulis
961 1313 1240 1390 hebdomadibus
1264 1315 1412 1415 praemit
1436 1339 1468 1391 a.
1495 1337 1530 1390 s.
1554 1336 1737 1390 sssosms.

313 1433 506 1534 Zaclapiam
529 1434 746 1509 localitas.
773 1458 809 1508 o.
835 1456 911 1508 vas
935 1456 1050 1508 mn'rfl
1076 1457 1125 1509 ns
1148 1457 1283 1526 sauna,
1316 1434 1441 1510 diebus
1463 1434 1567 1510 lonso
1591 1440 1627 1508 et
1648 1433 1787 1525 martis,

267 1555 348 1631 hors
371 1551 418 1628 X.
1345 1615 1350 1622 .

312 1677 499 1748 marcam
530 1678 758 1770 comparatam
789 1693 850 1746 rs.
886 1659 921 1748 o.
952 1693 1029 1746 vso
1061 1695 1178 1748 smmi
1208 1695 1257 1748 ms
1291 1695 1422 1764 moos,
1456 1673 1581 1759 diebus
1615 1680 1652 1749 et
1676 1674 1787 1766 horis,

267 1789 480 1881 auditoribus
502 1789 704 1866 commodis.

315 1912 509 2010 Zaclopiam
539 1909 653 1986 tradet
677 1933 710 1988 s.
736 1932 922 2000 nssriso,
954 1911 1080 1988 diebus
1109 1912 1231 2002 lunae,
1260 1911 1401 2003 mertis,
1433 1912 1594 1990 mercurii
1623 1913 1788 2002 otiosis,

267 2033 349 2108 hors
372 2030 420 2107 X.

314 2150 538 2236 Zaotomiam,
569 2147 822 2248 Plpsiolopiam
857 2159 893 2226 et
924 2151 1152 2252 Histolapiam
1187 2157 1413 2249 comparatam
1438 2173 1471 2225 s.
1498 2173 1685 2242 nasama,
1710 2177 1787 2253 pro·

268 2268 471 2346 rectioribus
494 2266 692 2367 discipulis,
717 2267 842 2343 diebus
866 2270 987 2344 martis
1008 2277 1045 2344 et
1066 2269 1174 2359 iovis,
1199 2269 1283 2344 hors
1303 2271 1353 2345 II.

242 2401 246 2407 ’
315 2389 626 2487 Palaeamtolopiam
652 2410 684 2462 e.
711 2409 896 2475 sasima,
921 2388 1006 2464 hors
1028 2394 1149 2488 postea
1171 2386 1367 2462 indicanda.

313 2509 627 2584 Eaercitatiom'bas
646 2510 837 2583 roatomimb
858 2514 896 2582 et
915 2509 1159 2606 microeaopimb
1180 2504 1337 2606 quotidie
1358 2505 1506 2605 praeerit
1527 2529 1559 2583 ι’.
1587 2529 1764 2584 noemma.

313 2631 495 2705 Elementa
516 2628 703 2704 matheseos
727 2625 866 2702 docebit
891 2651 924 2702 c.
950 2651 988 2703 a.
1015 2651 1050 2704 m.
1076 2651 1168 2704 nass
1193 2649 1356 2715 samos,
1394 2631 1475 2701 ante
1499 2625 1602 2718 letias
1624 2626 1789 2704 hiemales

270 2748 440 2849 quotidie,
463 2748 546 2823 hora
565 2747 658 2820 VIII
668 2781 678 2836 3
692 2754 772 2847 post
791 2747 885 2836 illas,
900 2746 1025 2823 diebus
1044 2747 1166 2838 lunae,
1182 2746 1304 2823 mertis
1322 2753 1358 2820 et
1378 2745 1559 2838 mercurii,
1584 2745 1668 2821 hora
1686 2745 1789 2822 VIII.

287 2869 610 2955 -Stercametriam
644 2869 933 2967 tripamometriam
967 2869 1179 2966 sphaericam
1214 2876 1251 2942 et
1282 2868 1454 2966 alpebram
1489 2891 1522 2942 o.
1558 2891 1596 2942 Η.
1629 2890 1664 2942 n.
1698 2890 1790 2943 sess

272 3011 427 3076 sessos,
461 2986 544 3061 inde
582 2986 714 3062 aKal.
750 2986 1032 3077 Novembribus,
1070 2986 1195 3062 diebus
1228 2986 1411 3076 mercurii,
1446 2985 1533 3062 iovis
1568 2991 1605 3062 et
1638 2987 1790 3078 saturni,

270 3110 349 3185 hors
371 3108 419 3184 X.

319 3230 564 3304 Astromomiam
575 3230 777 3327 popularem
796 3227 852 3303 bis
870 3252 932 3328 per
951 3227 1087 3305 dierum
1110 3228 1365 3305 hebdomadem
1383 3226 1570 3328 explicabit
1590 3226 1627 3301 in
1652 3227 1790 3328 specula

274 3372 303 3424 c.
327 3372 365 3424 11.
391 3372 427 3425 o.
452 3371 544 3423 suis
569 3370 722 3423 sistor.

316 3470 549 3543 Astraiamiae
576 3469 755 3565 practicae
788 3468 1085 3543 coercitatiom'las
1115 3464 1264 3566 praeerit
1298 3490 1330 3543 o.
1363 3490 1401 3541 Η.
1436 3489 1472 3541 m.
1505 3488 1595 3542 sors
1625 3487 1789 3555 sessor,

272 3585 391 3663 diebus
415 3585 577 3663 mercurii
600 3594 636 3660 et
659 3585 745 3660 iovis
768 3592 848 3685 post
870 3585 991 3661 horam
1014 3586 1107 3659 VIII
1130 3586 1168 3660 in
1193 3585 1341 3685 speculo.
1763 3686 1767 3689 -

244 3741 248 3758 ·
320 3709 474 3805 operam
491 3708 670 3783 clemicum
690 3707 976 3781 Gerlardtiamam
996 3708 1119 3781 dictam
1136 3712 1286 3805 exponet
1308 3730 1333 3781 1.
1355 3729 1398 3781 w.
1418 3725 1602 3793 asumma,
1625 3700 1790 3779 Chemise

273 3824 410 3915 Iaeator,
434 3825 561 3902 diebus
584 3825 687 3901 lunae
710 3833 747 3900 et
770 3825 891 3901 martis
915 3824 1006 3936 hors¹
1022 3825 1069 3901 X.

328 3948 448 4048 Capita
471 3948 597 4022 relecta
627 3946 785 4021 Olemr’ae
805 3944 967 4045 privatim
991 3943 1129 4020 docebit
1154 3967 1179 4020 1.
1204 3968 1249 4020 w.
1276 3964 1461 4033 oosmso,
1486 3941 1543 4017 die
1564 3941 1686 4033 lunae,
1708 3942 1792 4019 hors
1850 3954 1859 3971 ⁸

274 4088 360 4164 pom.
384 4064 573 4141 VIII-X.

668 4304 726 4378 IN
748 4302 1031 4379 FACULTATII
1055 4300 1384 4381 THEOLOGIOA.

324 4540 522 4641 l’ieolopiae
540 4542 744 4635 Naturalis,
770 4542 841 4619 sive
864 4542 1106 4644 Philosophiae
1124 4547 1169 4620 de
1190 4543 1283 4630 Dea,
1307 4538 1460 4640 primum
1483 4541 1660 4616 caratam
1676 4564 1789 4616 recem·

275 4660 407 4749 tiaram
426 4668 505 4735 tum
522 4662 599 4761 ipsa
615 4664 751 4739 decreta
761 4663 915 4739 narrabit
927 4689 964 4741 a.
976 4672 1146 4753 sommi,
1166 4660 1292 4737 diebus
1305 4660 1392 4737 iovis
1410 4660 1788 4751 mmmmmccclx,

324 4780 509 4856 Historiam
529 4782 688 4857 librorum
712 4782 805 4859 Noai
829 4785 1052 4873 Testamenti,
1078 4782 1149 4857 sive
1172 4782 1358 4857 Iatraitrrm
1380 4784 1417 4857 ia
1441 4780 1572 4857 Novam
1596 4782 1787 4859 l'cetamem·

277 4903 360 4987 tam,
384 4899 497 4975 tradet
519 4924 553 4977 s.
577 4924 649 4977 sss
669 4926 793 4994 sess,
817 4902 943 4980 diebus
961 4902 1113 4992 veneris,
1138 4902 1222 4978 hora
1247 4901 1334 4979 XII.
1496 4960 1501 4969 .

1553 5026 1597 5100 17
