4959 6175
694 635 738 703 aa
1167 590 1174 602 ’
1293 631 1328 701 a.
1363 631 1614 700 aturrus

689 844 767 943 ipso
799 840 846 916 ad
872 863 1015 916 coenam
1041 837 1153 914 vocati
1174 849 1310 930 meent,
1342 839 1386 914 iis
1407 840 1472 916 boc
1497 839 1725 916 smvissisum
1748 837 1821 914 fore
1845 838 2028 916 videbatur
2046 839 2208 916 feriarum

689 961 900 1062 hyemalium
923 959 1075 1034 initium.
1124 957 1195 1032 Sed
1221 959 1295 1034 dies
1318 959 1429 1034 fastus
1452 983 1522 1034 non
1547 960 1671 1035 illuxit.
1722 959 1853 1034 Contra
1878 960 1999 1059 paucis
2027 969 2109 1035 ante
2129 985 2208 1035 cou-

689 1083 820 1157 virium
854 1080 949 1156 horis
981 1079 1129 1180 perculit
1151 1104 1216 1154 uos
1238 1089 1275 1155 et
1295 1105 1405 1180 paene
1430 1080 1614 1180 prostravit
1638 1078 1805 1154 nuncius:
1826 1121 1874 1136 -
1903 1103 2093 1156 antonus
2116 1080 2207 1155 dem

687 1201 797 1277 obiitt
846 1200 963 1274 Pridie
987 1199 1054 1274 sub
1079 1207 1217 1274 uocum
1239 1201 1358 1276 subito
1382 1211 1522 1300 ereptus
1542 1199 1648 1275 rebus
1674 1199 1836 1274 humanis
1860 1209 1946 1274 erat.

736 1323 803 1396 Est
823 1345 906 1396 sane
927 1319 1023 1420 quod
1047 1319 1237 1395 Academia
1256 1345 1416 1398 nwroarr
1436 1321 1491 1396 sui
1513 1330 1660 1394 mortem
1682 1319 1810 1418 lugeat.
1859 1319 1947 1394 Eius
1969 1317 2147 1406 valetudo,
2169 1326 2208 1392 ut

687 1441 890 1530 videbatur,
925 1441 1145 1530 confirmata,
1180 1449 1303 1539 vegeta
1333 1449 1511 1528 senectus,
1535 1439 1715 1539 ingenium
1744 1463 1821 1513 acro
1843 1463 1953 1538 aeque
1978 1449 2084 1537 atqua
2110 1436 2208 1511 ardor

684 1562 802 1637 omnia
836 1560 1046 1660 provehendi
1082 1585 1173 1660 quae
1204 1560 1297 1636 bona
1330 1561 1497 1659 utilimue
1523 1567 1662 1648 esseut,
1685 1585 1785 1659 spem
1812 1559 1914 1634 nobis
1936 1558 2110 1633 faciebant
2136 1557 2205 1630 lore

686 1690 727 1756 ut
750 1680 967 1780 aliquamdiu
987 1679 1122 1754 tructus
1146 1704 1347 1779 caperemus
1369 1690 1522 1756 maturos
1545 1680 1695 1770 arboris,
1727 1704 1816 1779 quae
1838 1681 1909 1754 iam
1931 1703 2001 1754 nno
2025 1679 2099 1752 iotu
2122 1676 2205 1752 ccci·

683 1799 791 1874 derat.
840 1799 928 1873 Eius
960 1798 1101 1897 cognati
1134 1806 1170 1873 et
1204 1799 1307 1874 amici
1342 1806 1378 1874 et
1411 1800 1612 1899 quicunque
1644 1801 1681 1874 in
1717 1801 1819 1876 variis
1849 1800 1980 1900 patriae
2006 1797 2204 1898 regionibns

685 1943 768 1994 eum
801 1919 1018 1994 veneratione
1054 1919 1205 2017 quadam
1240 1919 1556 2017 prosequebantur,
1591 1919 1786 1996 vehementi
1818 1920 1934 1996 dolore
1969 1926 2053 1992 sunt
2078 1915 2204 1992 afflicti.

680 2041 728 2114 Et
761 2063 872 2138 quum
896 2039 935 2113 in
959 2039 1151 2138 sepolcrato
1172 2039 1254 2138 pagi
1278 2041 1322 2114 de
1346 2041 1419 2114 Bilt
1441 2040 1534 2115 iusta
1557 2040 1828 2140 peragebamus,
1854 2039 1957 2116 multi
1980 2064 2002 2112 a
2026 2035 2202 2134 lacrymis,

681 2160 772 2260 grati
808 2159 917 2234 animi
947 2159 1093 2248 indicio,
1130 2159 1197 2232 sibi
1226 2171 1417 2259 temperare
1444 2185 1514 2236 non
1540 2168 1739 2260 potuerunt.
1788 2162 1864 2235 Nec
1887 2160 2024 2235 muum.
2075 2156 2204 2230 Animo

681 2279 775 2354 euim
800 2277 1047 2354 observabatur
1070 2278 1186 2377 imago
1206 2263 1270 2353 viri
1290 2280 1405 2355 indole
1428 2281 1681 2357 Nedarlandioa
1702 2279 1807 2355 unius
1826 2281 1861 2355 in
1884 2278 2004 2382 paucis
2028 2275 2204 2375 conspicui

682 2407 718 2474 et
742 2399 917 2474 afferentis
933 2397 1112 2486 omnibus,
1138 2399 1302 2498 quicum
1328 2401 1433 2498 paulo
1458 2402 1651 2476 accuratius
1675 2409 1869 2488 noverant„
1884 2397 2086 2473 memoriam
2106 2419 2203 2494 prae·

682 2519 851 2595 stantium
889 2518 1060 2606 virorum,
1095 2543 1244 2617 quorum
1281 2521 1412 2619 ingenii
1446 2521 1623 2620 animique
1650 2521 1782 2596 viribus
1808 2519 1918 2619 patria
1938 2517 2021 2592 olim
2041 2525 2202 2590 creverat.

682 2641 832 2714 Cernere
853 2637 954 2712 uobis
977 2637 1180 2712 videbamur
1201 2638 1313 2714 virum
1340 2639 1439 2713 illum
1463 2640 1590 2738 agendi
1612 2664 1718 2738 quam
1741 2637 1880 2713 meandi
1902 2633 2141 2710 studiosiorem
2167 2643 2204 2706 et

680 2759 731 2834 ita
764 2759 862 2857 pium
900 2767 942 2831 ut
973 2755 1086 2832 maus
1117 2781 1194 2833 esse
1226 2783 1334 2857 quam
1369 2759 1476 2834 videri
1506 2760 1642 2847 mallet,
1676 2767 1712 2834 et
1732 2757 1839 2832 mirae
1860 2757 1898 2830 in
1919 2754 2043 2830 habitu
2064 2776 2204 2852 quoque

682 2876 895 2976 simplicitati
926 2875 1129 2975 iungentum
1158 2878 1267 2952 animi
1291 2879 1362 2954 vim
1385 2903 1524 2979 prorsus
1550 2881 1791 2979 singularem·
1805 2901 1895 2976 quac
1919 2875 2128 2972 uniordque,
2152 2873 2204 2972 ip·

684 3021 764 3072 sum
787 2997 949 3085 adeunti,
983 3019 1027 3072 ax
1054 2996 1154 3072 vultu
1182 2998 1360 3098 oculisque
1382 2999 1497 3101 vigore
1523 3001 1633 3101 plenis
1656 2997 1861 3101 apparebat,
1886 3004 1922 3070 et
1946 2997 1980 3070 ei
2004 2994 2205 3070 adiumento

683 3127 789 3218 atque
813 3116 984 3218 pracsidio
1006 3116 1094 3207 tuit,
1119 3126 1160 3194 ut
1184 3119 1341 3219 egregias
1364 3118 1496 3220 ingenii
1517 3120 1616 3196 dotes
1636 3119 1857 3221 perlongum
1882 3140 2053 3193 annorum
2081 3113 2204 3189 sariam
2231 3208 2236 3218 1

685 3239 722 3313 in
748 3238 937 3313 maximam
962 3237 1092 3338 patriae
1117 3238 1301 3314 utilitatem
1325 3238 1503 3316 conferret.

730 3358 832 3433 'I'ales
869 3357 932 3432 viri
963 3382 1007 3432 ex
1043 3357 1194 3433 maxime
1222 3382 1299 3434 raro
1333 3358 1513 3433 bominum
1545 3384 1672 3458 muare
1704 3364 1797 3433 sunt.
1846 3357 1977 3431 Eorum
2002 3352 2200 3429 memoriam

682 3478 831 3579 matari,
856 3476 1001 3577 nigrati
1024 3501 1100 3553 esse
1124 3478 1264 3568 volunt,
1289 3478 1401 3554 vivam
1425 3485 1555 3553 tenant.

735 3834 903 3910 Ewrcau
937 3838 1110 3936 exsequiis
1141 3861 1211 3912 non
1238 3836 1397 3911 interluit
1426 3836 1615 3913 amicorum
1650 3837 1725 3913 eius
1751 3834 2016 3935 antiquissimus
2040 3833 2201 3931 idemque

687 3952 895 4028 Academiae
930 3954 1142 4031 Traiectime
1169 3954 1361 4033 arctissima
1391 3964 1468 4030 tum
1501 3954 1654 4031 muneris
1677 3965 1753 4032 tum
1776 3952 2034 4032 benevolentiae
2056 3953 2201 4028 necessi·

685 4070 808 4145 tudine
843 4071 993 4151 iunctus.
1043 4076 1115 4149 lam
1151 4074 1245 4149 enim
1276 4100 1317 4149 eo
1346 4074 1523 4151 laborabat
1551 4076 1692 4165 morbo,
1716 4099 1822 4175 quem
1842 4075 1982 4151 letalem
2005 4074 2077 4149 iore
2099 4072 2202 4171 paulo

685 4198 765 4288 post
797 4200 1016 4291 perspectum
1049 4202 1113 4269 est.
1163 4195 1363 4295 Intelligitis
1388 4220 1443 4271 me
1468 4196 1580 4271 dicere
1602 4196 1727 4271 Virum
1754 4195 2061 4271 consultissimum
2087 4216 2199 4268 nono·

684 4332 801 4384 vrcnnr
824 4332 1101 4392 caanrvauoaa.
1892 4378 1895 4386 a

737 4428 840 4504 Patre
872 4454 958 4507 usus
992 4441 1046 4509 est
1079 4457 1283 4510 anrmaauo
1316 4458 1603 4523 cararvsuoun,
1638 4436 1700 4535 qui
1731 4433 1883 4533 primum
1914 4433 2055 4508 Curiae·
2069 4431 2201 4507 'Praiso-

688 4546 781 4623 tinae
815 4548 1008 4651 adscriptus
1042 4561 1077 4629 et
1110 4554 1224 4629 socius
1254 4554 1429 4655 rogandae
1452 4556 1601 4655 regionis
1630 4554 1842 4630 Traiectiuae
1865 4554 1951 4642 luit,
1977 4561 2098 4653 postea
2125 4576 2203 4625 vero

688 4692 709 4741 a
741 4667 839 4767 Rege
872 4668 1079 4748 Hollandiae
1103 4672 1212 4748 lectus
1235 4684 1289 4747 est
1313 4674 1348 4749 in
1373 4675 1565 4783 Consilium
1590 4676 1729 4762 Statum
1754 4698 1825 4772 quo
1850 4682 1965 4748 tamen
1991 4695 2201 4749 munerans

689 4786 912 4888 iungeretur,
945 4812 1037 4865 mors
1064 4790 1262 4890 prohibuit,
1288 4818 1377 4893 quae
1399 4818 1490 4872 auno
1518 4798 1612 4871 1806
1638 4796 1794 4871 luctuosa
1820 4773 1947 4870 accidit
1967 4792 2067 4868 bouis
2090 4791 2202 4866 omni·
