4959 6175
865 674 1145 745 unsuru.
1254 683 1265 695 ·
1723 676 1767 769 ιι

250 888 468 991 superstites,
504 886 609 963 uerbo
640 887 762 965 seltem
797 904 1260 964 ssx.1un1usraour1nus
1294 880 1560 971 memorandus,
1590 880 1653 981 qui
1675 881 1769 957 bello

248 1034 358 1109 neque
385 1034 425 1085 ec
447 1008 542 1109 pacis
566 1008 700 1085 artibus
724 1008 856 1103 qlarus,
882 1008 1017 1108 scriptis
1037 1010 1080 1083 de
1101 1005 1374 1107 Aqueedectidus
1401 1009 1438 1079 et
1466 1003 1771 1103 Strategemcticua

248 1128 360 1205 bonae
378 1128 489 1229 lrugis
507 1128 620 1218 libris,
643 1153 684 1204 ea
710 1112 930 1226 potissimum
953 1126 1127 1216 tractarit,
1148 1148 1296 1225 quorum
1317 1123 1482 1201 diuturno
1503 1146 1620 1199 rerum
1642 1146 1712 1197 usu
1734 1128 1771 1197 et

250 1246 430 1324 scientium
460 1247 528 1323 sibi
551 1254 805 1347 comparaverat
828 1252 865 1320 et
885 1249 1106 1345 perspexerat
1130 1242 1329 1319 utilitatem.
1378 1244 1459 1319 Hoc
1481 1249 1621 1343 gratum
1644 1241 1769 1332 nobis,

251 1366 319 1443 sibi
338 1390 487 1465 perenne
507 1371 774 1441 monumentum
794 1364 951 1465 reliquit,
973 1364 1036 1465 qui
1055 1361 1166 1453 vetuit
1184 1362 1281 1439 eliud
1302 1361 1370 1437 sibi
1389 1363 1540 1452 exstrui,
1563 1362 1618 1466 bis
1638 1362 1769 1467 uerbis:¹

253 1485 439 1585 rImpensa
473 1484 691 1561 monumenti
726 1508 937 1586 supervacue
971 1490 1035 1561 est.
1085 1482 1259 1560 Memoria
1293 1482 1403 1559 nostri
1433 1480 1597 1573 druabit,
1632 1480 1664 1557 si
1699 1482 1770 1557 vita

249 1602 464 1679 meruimns'’
481 1604 542 1697 ¹⁰).
819 1700 825 1711 Ι
1830 1700 1834 1716 .

296 1722 451 1799 Probent
482 1724 605 1826 utique
640 1725 724 1803 baec
757 1724 935 1825 exempla,
968 1724 1014 1801 A.
1026 1724 1091 1801 At
1128 1748 1218 1823 quae
1253 1722 1375 1799 multis
1406 1746 1534 1823 ungere
1566 1720 1666 1799 lacile
1697 1728 1771 1811 est,

250 1848 561 1944 quantumcunque
584 1844 629 1919 ab
656 1845 839 1921 Octaviani
865 1842 980 1921 seculo
1005 1852 1042 1919 et
1063 1844 1170 1919 ueteri
1194 1843 1304 1943 gloria
1321 1852 1477 1942 tempore
1497 1841 1645 1917 ibuiuni·
1662 1865 1771 1917 reces-

251 1962 395 2052 sissent,
420 1988 491 2039 non
516 1964 704 2041 edoctum
730 1964 901 2041 refrixisse
926 1962 1104 2039 literarum
1129 1962 1266 2051 studio,
1301 1970 1342 2037 ut
1364 1961 1461 2037 omni
1493 1960 1563 2038 vita
1594 1967 1631 2035 et
1661 1960 1773 2035 calore

250 2082 418 2164 destituta
442 2093 505 2160 aut
535 2108 645 2183 paene
675 2085 902 2161 intermortua
936 2107 1012 2159 esse
1050 2082 1260 2160 viderentur.
1310 2080 1381 2156 Sed
1404 2080 1573 2157 bectenm
1596 2080 1654 2155 vix
1677 2080 1773 2156 uliud

249 2227 357 2302 quam
389 2203 569 2304 scriptores
593 2210 630 2279 et
652 2203 759 2279 libros
783 2202 1014 2291 attendimus,
1042 2202 1172 2301 quibus
1204 2226 1242 2277 se
1267 2200 1495 2300 prodiderunt
1518 2200 1774 2301 elegantissima

249 2320 326 2396 eius
349 2322 471 2397 aetatis
494 2322 653 2420 ingenia;
686 2322 733 2396 ad
762 2320 875 2421 ipsam
897 2319 1091 2395 studiorum
1118 2319 1287 2395 rationem
1319 2318 1466 2395 interius
1498 2321 1774 2420 cognoscendum

249 2462 374 2539 pssum
402 2440 621 2538 proiecimus.
671 2438 744 2515 Ubi
769 2463 848 2515 vero
882 2439 1023 2527 domos,
1055 2437 1117 2513 ubi
1141 2438 1275 2513 soboles
1304 2436 1567 2529 intraverimus,
1604 2438 1699 2515 baud
1724 2441 1776 2517 ite

250 2560 339 2635 laeta
361 2558 420 2633 ille
441 2582 506 2633 neo
527 2583 610 2635 sans
630 2557 738 2635 fnisse
761 2557 960 2657 apparebit,
982 2556 1044 2633 sed
1065 2554 1234 2657 principie
1255 2554 1424 2655 serpentis
1443 2555 1583 2655 longius
1600 2563 1636 2631 et
1656 2556 1772 2659 ingre·

250 2678 417 2767 vescentis
447 2678 532 2754 meli
563 2678 677 2755 muulto
708 2678 835 2755 certius
860 2677 1115 2778 dignoscamus.
1164 2675 1245 2753 Hoc
1272 2674 1382 2776 igitur
1404 2700 1568 2776 ammos,
1592 2678 1702 2754 oculis
1726 2679 1773 2755 ad

250 2798 529 2899 grammaticum,
554 2797 778 2889 rhetoricam,
803 2796 1057 2898 philosophiam
1081 2795 1265 2873 conversis.

300 2916 393 2993 Sunt
419 2917 534 2993 studia
552 2916 780 3017 gremmatica
802 2942 824 2994 e
845 2916 1020 2993 veteribus
1042 2912 1304 2991 brevissimam
1331 2916 1421 2993 dues
1443 2921 1559 3017 portes
1585 2916 1712 3008 divisa,
1737 2918 1776 3000 in

251 3043 344 3115 reete
354 3038 512 3139 loquendi
529 3040 704 3115 ιιίιιιιίαιιι
717 3044 753 3114 et
765 3044 947 3138 poetarum
961 3038 1234 3125 medonem
1255 3062 1403 3138 querum
1420 3062 1502 3114 cum
1517 3036 1577 3116 illa
1592 3038 1777 3116 coniuncte

251 3164 326 3234 erat
350 3159 519 3233 scribendi
541 3159 650 3249 ratio,
674 3157 764 3235 hene
788 3148 1017 3257 pruecedebat
1049 3159 1226 3234 ιιιιιιιιῑιιία
1251 3159 1369 3249 kero,
1395 3157 1506 3234 mixto
1531 3158 1587 3234 bis
1610 3158 1775 3236 omnibus

248 3277 450 3370 iudicium).
499 3278 547 3352 Et
570 3277 647 3378 ipsa
675 3277 819 3378 quidem
848 3301 903 3354 ers
934 3301 1045 3378 quum
1067 3301 1130 3376 pro
1153 3274 1324 3378 dignitate
1350 3301 1415 3353 aua
1434 3302 1562 3376 mogun
1584 3277 1622 3354 in
1646 3279 1776 3356 honore

250 3395 437 3474 haberetur
464 3404 499 3472 et
525 3396 712 3498 aliquunde
732 3395 770 3472 in
791 3396 888 3472 Urbe
913 3421 1017 3498 supra
1043 3395 1167 3497 viginti
1195 3395 1389 3472 celebribus
1416 3395 1541 3472 scholis
1569 3397 1774 3489 truderetur,

250 3517 296 3594 ab
314 3515 520 3617 ignobiliore
542 3517 724 3594 hominum
746 3541 891 3618 genere,
914 3518 1121 3617 plerumque
1142 3541 1165 3593 a
1184 3515 1357 3594 libertinis
1378 3515 1551 3607 lectitata,
1576 3517 1773 3618 ignerutiu

252 3644 288 3711 et
310 3635 500 3713 stoliditate
534 3637 819 3738 praecipientium
850 3648 913 3714 aut
934 3631 1092 3737 neglecta
1116 3635 1245 3712 sensim
1279 3644 1334 3712 est
1363 3644 1427 3713 ant
1455 3637 1602 3737 turpiter
1626 3637 1775 3739 degene-

251 3755 348 3834 revit.
383 3755 551 3837 Solebent
568 3757 620 3834 illi
638 3758 798 3858 colligere
817 3756 1005 3857 discipulos
1025 3780 1096 3833 non
1115 3756 1303 3844 recantata„
1317 3754 1539 3856 disciplinae,
1561 3782 1626 3834 nec
1642 3758 1776 3858 ingenii

253 3875 511 3982 experimento,
532 3877 595 3954 sed
617 3877 807 3954 ambitione
827 3875 1075 3954 sulutetionum
1096 3883 1133 3952 et
1150 3874 1321 3952 illecebris
1340 3875 1569 3966 adulationis3
1593 3876 1775 3953 inscientia

252 4003 372 4090 sutem
392 3996 551 4088 tradendi
572 3997 627 4073 vel
646 3997 884 4099 neglegentis,
908 4005 971 4075 ent
992 3997 1184 4098 cupiditete
1204 3995 1338 4072 diutius
1358 3995 1521 4097 erigendi
1541 3997 1773 4086 mercedulns,

253 4137 343 4213 quos
369 4105 617 4215 occupaverunt
648 4117 802 4193 detinere
822 4119 886 4212 ⁸¹).
935 4117 1033 4193 Num
1068 4117 1193 4193 mirum
1227 4116 1336 4193 videri
1369 4124 1503 4217 potest,
1534 4117 1580 4193 A.
1591 4117 1657 4192 nt
1696 4114 1774 4193 sie

253 4233 383 4310 talibus
404 4235 579 4336 magistris
601 4237 647 4312 ad
670 4236 840 4316 meximss
862 4260 1019 4336 quasque
1039 4236 1187 4337 inepties
1208 4236 1492 4327 descendebatur,
1516 4260 1773 4336 puerorumque

254 4352 395 4453 ingenia
421 4354 459 4430 in
484 4355 636 4432 anilibus
659 4356 764 4458 nugis
785 4355 1053 4432 detinebuntur?
1101 4354 1215 4430 Iidem
1239 4354 1415 4455 mugistri,
1440 4355 1634 4432 custodium
1656 4357 1775 4434 lentini

255 4474 423 4552 sermonis
451 4498 550 4552 suam
570 4501 645 4552 esse
667 4477 754 4567 reti,
778 4475 949 4552 indicium
974 4499 1078 4552 suum
1100 4472 1306 4552 exercebunt
1330 4475 1368 4550 in
1394 4473 1548 4575 Vergilio
1572 4484 1608 4550 et
1629 4477 1775 4570 Ouidio,

254 4594 291 4670 in
315 4593 481 4672 Sallustio
513 4604 550 4672 et
578 4597 761 4687 Cicerone,
786 4596 937 4696 denique
963 4595 1000 4672 in
1024 4595 1165 4697 optimis
1188 4594 1388 4697 quibusque
1413 4595 1526 4696 poetis
1547 4603 1583 4670 et
1602 4582 1775 4697 scriptoriss

255 4714 323 4790 bus
347 4715 509 4792 notandis
531 4723 637 4816 atque
660 4741 703 4794 er
728 4741 792 4793 suo
814 4716 954 4818 ingenio
978 4715 1199 4817 castigendis.
1250 4714 1327 4806 Sic,
1354 4722 1396 4792 ut
1417 4717 1483 4794 hoc
1504 4717 1662 4818 exemplo
1683 4725 1773 4807 uter,

256 4834 444 4912 nctebetur
473 4861 496 4914 a
530 4837 656 4952 criticis
686 4835 1009 4952 Vergiliusque
1038 4835 1255 4914 notissimam
1282 4836 1379 4916 illem
1413 4836 1621 4915 sententium
1653 4837 1777 4914 nale

947 4977 951 4986 ’
1534 4958 1558 5032 6
