4959 6175
691 626 736 695 aa
1114 700 1119 708 ,
1242 620 1269 689 1.
1304 620 1344 690 n.
1378 616 1661 720 scurraen

698 841 897 921 astmmus,
921 835 1060 909 aucum
1085 852 1201 905 rerum
1227 825 1510 916 multitudinem,
1534 834 1656 928 aptum
1680 848 1800 903 eorum
1825 824 2003 919 ordinem,
2034 827 2213 929 integrita-

698 962 815 1041 ntem,
854 974 973 1027 curam
1012 949 1049 1025 in
1086 946 1307 1049 adparando,
1344 945 1592 1035 describendo,
1628 952 1666 1021 et
1702 947 1956 1038 consonando,
1993 948 2142 1026 nitorem
2179 957 2215 1025 et

698 1070 962 1173 replendorem,
986 1068 1115 1169 quibus
1138 1065 1230 1143 oculi
1254 1063 1472 1155 alliciuntur,
1502 1062 1733 1153 admiramur;
1768 1064 1927 1140 studium
1947 1074 2107 1166 porroet
2137 1066 2212 1143 dili·

698 1191 903 1293 agentium,
940 1190 1049 1265 immo
1082 1183 1290 1263 industriam
1323 1193 1360 1260 et
1389 1184 1541 1261 laborem
1575 1207 1717 1273 eorum,
1754 1183 1818 1283 qui
1847 1184 1903 1259 bis
1934 1185 2213 1262 administrandis

696 1342 715 1383 a
723 1310 910 1411 praepositi
944 1314 1044 1398 suut,
1080 1306 1230 1384 maxime
1263 1305 1483 1382 laudamus.’'
1534 1303 1642 1384 Quod
1662 1310 1782 1380 autern
1812 1306 1991 1394 annotavit
2011 1306 2064 1384 vir
2087 1305 2212 1383 clariss.

693 1431 737 1507 de
757 1429 967 1507 Academiae
986 1435 1021 1504 et
1044 1426 1150 1502 Urbis
1175 1425 1385 1502 Nosocomia
1407 1424 1642 1526 coniungendi
1665 1424 1827 1515 consilio,
1851 1449 1922 1526 quo
1944 1425 2099 1502 medicae
2117 1426 2213 1501 insti·

693 1550 821 1625 tutioni
855 1548 1001 1649 amplior
1041 1548 1182 1623 daretur
1217 1546 1334 1634 locus,
1373 1551 1533 1645 optatum
1568 1550 1732 1619 eventum
1769 1544 1926 1618 nondum
1962 1543 2097 1621 babuit
2145 1544 2213 1618 Sed

693 1670 891 1747 aedilicium
915 1667 1099 1767 Physices,
1125 1665 1311 1755 chemise,
1336 1664 1544 1742 Anatomiae
1575 1662 1699 1739 usibus
1729 1662 1963 1753 destinatum,
1988 1663 2083 1763 quod
2111 1664 2212 1739 Cura-

694 1797 809 1865 torum
834 1787 1004 1863 debemus
1033 1784 1313 1873 munificentiae,
1344 1784 1537 1883 perlectum
1565 1790 1619 1860 est
1640 1783 1888 1884 idoneamque,
1914 1809 1985 1885 quo
2005 1784 2214 1871 instruatur,

692 1907 941 2009 supellectilem
972 1913 1159 2005 exspectat.
1210 1902 1358 2004 Speculo
1391 1903 1621 1979 astronomica
1649 1900 1823 1978 aedificari
1844 1901 1968 2003 eoepit.
2018 1903 2074 1977 De
2096 1903 2213 1977 Astro-

691 2027 826 2116 nomb,
848 2026 906 2101 cui
925 2048 1018 2099 nunc
1038 2024 1151 2100 multo
1173 2021 1316 2097 meliora
1337 2028 1582 2120 comparantur
1603 2020 1778 2110 subsidia,
1796 2019 1992 2121 gaudemus
2010 2020 2213 2097 admodum:

691 2148 907 2249 gratulamur
941 2152 1060 2220 autem
1096 2142 1183 2232 tibi,
1220 2141 1408 2219 elenssina
1445 2166 1604 2231 narsae,
1640 2140 1684 2217 de
1719 2141 1785 2217 hac
1817 2141 1999 2241 disciplina
2033 2143 2071 2217 in
2107 2142 2216 2242 pabia

690 2274 809 2341 nostra
832 2263 966 2364 optime
990 2262 1133 2349 merito,
1159 2259 1221 2358 qui
1241 2258 1377 2358 exiguis
1401 2258 1566 2334 subsidiis
1597 2283 1726 2359 magna
1748 2261 1923 2361 perfecisti
1945 2270 1981 2337 et
2008 2261 2216 2338 Academiae

693 2385 840 2486 gloriam
872 2380 1101 2482 amplificasti.
1152 2381 1272 2458 Quam
1305 2377 1456 2453 maxime
1486 2386 1667 2477 optamus,
1703 2388 1745 2455 ut
1780 2390 2000 2457 conservetur
2031 2381 2098 2457 tibi
2128 2382 2215 2470 vita,

694 2506 985 2600 confirmeturque
1006 2498 1186 2588 valetudo;
1207 2507 1244 2573 et
1261 2498 1326 2574 ubi
1342 2505 1466 2573 nactus
1486 2497 1592 2573 fueris
1610 2498 1853 2577 Astronomiae
1874 2500 2107 2577 insnumenta
2126 2507 2163 2575 et
2182 2508 2216 2574 te

692 2633 728 2702 et
748 2625 808 2699 illa
827 2621 1003 2721 digniora,
1024 2619 1232 2695 concedatur
1252 2618 1318 2695 tibi
1335 2619 1392 2695 bis
1410 2619 1464 2694 uti
1484 2618 1591 2719 longo
1608 2643 1779 2697 annorum
1797 2622 1910 2721 spatio
1928 2622 1965 2697 in
1984 2619 2215 2699 nobilissimae

692 2741 894 2842 disciplinae
918 2740 1206 2816 emolumentum.

744 2860 889 2937 Silentio
913 2868 1031 2937 tamen
1068 2860 1338 2963 opprimendum
1362 2885 1433 2939 non
1458 2870 1531 2951 ast,
1570 2851 1663 2941 lama
1695 2864 1742 2942 ad
1765 2888 1829 2941 nos
1852 2863 1966 2940 delata
1992 2864 2038 2939 de
2060 2864 2216 2964 speculae

693 2982 784 3057 intra
807 2980 899 3057 horti
922 2980 1074 3057 botanioi
1100 2983 1189 3057 fines
1224 2980 1458 3058 aedificandae
1491 2982 1654 3073 consilio,
1690 2984 1820 3086 gaudio
1852 2991 1970 3059 nostro
2002 2983 2218 3083 aliquantum

694 3103 820 3181 doloris
850 3127 926 3178 esse
962 3102 1179 3192 admixtum,
1214 3102 1455 3202 senatumque
1486 3103 1724 3180 academicum
1750 3105 1908 3182 unanimi
1931 3104 2004 3180 lere
2029 3127 2215 3194 consensu,

694 3225 824 3306 frustra
845 3231 979 3313 umen,
999 3222 1108 3322 Regis
1126 3221 1330 3298 Ministrnm
1351 3246 1508 3323 rogasse,
1529 3230 1571 3298 ut
1589 3223 1678 3300 alius
1700 3225 1845 3323 quidam
1861 3224 2021 3324 speculae
2038 3229 2214 3298 exstruen-

694 3346 760 3422 dae
784 3343 1020 3444 assignaretur
1043 3343 1155 3432 locus,
1180 3341 1320 3432 hortus,
1345 3342 1554 3420 Academiae
1579 3352 1717 3422 nostrae
1741 3351 2002 3434 ornamentum,
2028 3348 2216 3419 servamtur

693 3467 837 3566 integer.

744 3587 871 3660 Museo
895 3583 1073 3660 Historiae
1099 3585 1288 3674 naturalis,
1313 3584 1514 3661 doctissimo
1540 3608 1756 3676 rmrucrr,
1791 3588 1850 3663 eui
1871 3587 1910 3663 id
1929 3583 2067 3662 inlicita
2094 3583 2215 3671 debet,

698 3705 764 3780 sub
783 3705 890 3780 finem
908 3704 992 3780 anni
1009 3703 1198 3784 academici
1219 3703 1404 3804 superioris
1421 3712 1578 3796 mortuo,
1597 3705 1675 3782 Rex
1694 3706 1858 3807 praefecit
1875 3707 2043 3807 collegam
2060 3711 2216 3781 noenum

697 3846 864 3898 roauuaar
885 3846 960 3910 vau
981 3847 1056 3898 nra
1076 3846 1245 3913 noavnu,
1269 3823 1452 3924 Zoologiae
1469 3824 1672 3924 praesertim
1693 3826 1856 3903 scientiae
1874 3826 1978 3903 laude
1995 3832 2032 3902 et
2051 3826 2088 3901 in
2108 3823 2217 3924 patria

698 3953 735 4018 et
766 3943 860 4042 apud
883 3949 1017 4016 exteros
1040 3942 1229 4031 celebrem3
1262 3941 1448 4042 locumque
1480 3943 1563 4021 huic
1590 3947 1789 4045 proximum
1813 3946 1990 4024 mandavit
2021 3943 2216 4048 doctissimo

698 4085 906 4150 scurrone,
928 4084 1097 4161 eumque,
1118 4067 1159 4136 ut
1179 4061 1243 4136 viri
1261 4063 1486 4140 eruditissimi
1503 4063 1541 4139 in
1562 4065 1709 4142 medem
1731 4066 1910 4144 mentium
1934 4065 2060 4142 merita
2080 4062 2216 4164 publice

697 4182 927 4284 praedicaret,
963 4180 1168 4258 Professoris
1200 4181 1373 4259 honorarii
1404 4182 1508 4260 titulo
1539 4185 1788 4265 condecoravit.
1839 4187 2000 4264 Honores
2022 4184 2120 4273 illos,
2154 4179 2216 4255 viri

696 4301 894 4392 clarissimi,
927 4300 1144 4401 gratulamur
1166 4301 1265 4378 vobis
1287 4302 1576 4404 Academiaeque.
1625 4305 1736 4381 Haud
1767 4306 1861 4382 enim
1886 4304 2108 4394 dubitamus,
2132 4300 2214 4401 quin

698 4429 811 4498 vestro
843 4445 925 4498 oure
962 4411 1074 4498 musei
1106 4422 1251 4501 illustris
1289 4425 1451 4526 splendor
1483 4449 1555 4500 non
1591 4425 1703 4502 solum
1739 4432 1977 4515 conservetur,
2013 4424 2078 4500 sed
2112 4421 2214 4497 etiam

698 4549 877 4643 augeatur.
1859 4625 1862 4631 ¹

748 4663 831 4738 Non
855 4661 985 4737 iniusta
1006 4670 1059 4739 est
1088 4664 1228 4763 querela
1253 4665 1392 4766 saepias
1413 4666 1579 4765 repetita,
1604 4667 1701 4766 qnod
1720 4667 1757 4743 in
1779 4665 1998 4744 Bibliotheca
2022 4662 2215 4742 academca

700 4785 780 4861 libri
802 4781 1041 4859 desiderentur
1066 4781 1188 4873 multi,
1212 4781 1341 4882 quibus
1371 4807 1414 4860 ea
1437 4782 1513 4860 sine
1535 4783 1664 4862 domno
1693 4807 1809 4864 carere
1843 4784 1976 4884 nequit.
2025 4778 2215 4860 laudanda
