4959 6175
695 645 736 711 96
1294 646 1328 715 Ρ.
1363 647 1613 714 ulnulas

693 876 922 928 vrsscnnauu
954 853 991 928 in
1024 851 1224 928 huiusmodi
1257 863 1550 955 argumentorum
1577 853 1804 954 explicatione
1834 853 2073 930 lubentissime
2110 881 2211 932 usum

695 998 769 1046 esse
794 979 938 1048 constat,

744 1093 796 1166 Ea
822 1100 953 1180 aetate,
979 1117 1049 1191 qua
1076 1094 1217 1168 iuvenes
1238 1093 1428 1169 destinatos
1448 1094 1556 1183 vitae,
1580 1094 1679 1170 cuius
1705 1093 1861 1168 subsidia
1883 1102 1956 1168 arte
1982 1095 2036 1169 vel
2058 1095 2211 1170 doctrina

695 1212 846 1310 quadam
881 1212 1070 1288 lectitanda
1098 1221 1282 1313 parantur,
1315 1222 1406 1290 totos
1434 1214 1470 1288 iu
1503 1214 1628 1289 studiis
1650 1239 1725 1288 csse
1749 1221 1904 1313 oportet,
1931 1239 2153 1290 vrsscuuaus
2175 1215 2209 1288 in

695 1331 801 1406 vitam
835 1333 1019 1431 practicam
1053 1343 1218 1433 tanquam
1251 1336 1425 1410 coniectus
1458 1344 1511 1410 est
1543 1358 1740 1433 munusque
1764 1334 1844 1408 iniit
1865 1335 1910 1410 ab
1940 1335 2049 1434 ipsius
2073 1335 2211 1435 ingenio

694 1477 834 1550 prorsus
864 1452 1026 1528 alienum.
1077 1457 1199 1528 Annos
1229 1457 1321 1530 enim
1350 1463 1454 1529 natus
1484 1455 1699 1554 undeviginti
1725 1455 1918 1553 praelectus
1947 1464 2000 1529 est
2024 1455 2212 1532 rationibus

694 1573 904 1646 tributorum
935 1574 1107 1648 Bruxellis
1142 1574 1404 1674 dispungendis.
1454 1575 1626 1673 Equidem
1663 1573 1706 1647 de
1737 1573 1840 1648 huius
1871 1576 2024 1650 muneris
2046 1574 2211 1675 gravitate

695 1692 782 1766 nihil
809 1694 1002 1768 detractum
1033 1696 1118 1770 volo.
1169 1695 1239 1768 Sed
1262 1695 1427 1794 cogitanti
1453 1695 1539 1770 mihi
1566 1696 1725 1768 iuvenem
1748 1694 1904 1768 discendi
1927 1719 2043 1768 amore
2065 1695 2210 1793 flagran-

693 1819 784 1899 tem,
809 1813 975 1900 alacrem,
1000 1815 1172 1913 genioque
1196 1815 1404 1915 indulgendi
1425 1815 1611 1914 cupidum,
1636 1814 1766 1889 fervida
1788 1813 1892 1889 etiam
1916 1813 2096 1924 phantasia
2116 1839 2210 1913 pme-

693 1929 807 2006 ditum
829 1941 865 2006 et
884 1932 1076 2008 carminum
1092 1941 1284 2024 auctorem,
1313 1935 1442 2033 quibus
1462 1960 1498 2010 se
1522 1935 1635 2008 Musis
1657 1936 1807 2010 amioum
1831 1959 1906 2009 esse
1924 1935 2145 2034 probaverat,
2163 1981 2211 1998 -

693 2053 785 2126 huuc
807 2053 915 2151 igitur
935 2053 1094 2128 iuvenem
1119 2055 1285 2153 cogitanti
1311 2080 1433 2152 parum
1458 2055 1620 2129 credibile
1649 2055 1802 2142 videtur,
1836 2079 1917 2128 eum
1940 2031 2014 2128 sive
2040 2055 2076 2128 in
2104 2054 2209 2128 tribu·

692 2178 807 2246 torum
842 2172 971 2247 tabulis
1000 2175 1221 2250 conficiendis
1252 2183 1288 2250 et
1311 2175 1568 2274 comparandis,
1602 2175 1713 2273 plenis
1737 2175 1804 2250 illis
1830 2175 2010 2250 nominum
2033 2185 2068 2249 et
2091 2199 2210 2248 nume·

691 2317 829 2382 rorum,
855 2294 926 2367 sive
947 2294 982 2367 in
1004 2302 1199 2369 coactorum
1218 2317 1297 2370 arca
1316 2295 1523 2394 exploranda
1544 2294 1783 2369 lubentissime
1805 2295 1913 2370 bonas
1933 2295 2033 2368 horas
2054 2318 2210 2368 consum·

690 2420 810 2486 turum
840 2414 956 2488 luisse.
1008 2415 1086 2489 Hoc
1123 2422 1280 2504 constat,
1313 2439 1565 2503 vrssounauu,
1600 2415 1771 2514 quidquid
1803 2423 1997 2514 superesset
2029 2414 2210 2512 temporis,

691 2533 728 2606 id
755 2558 858 2608 omne
884 2529 921 2608 in
937 2536 1047 2610 'lucro
1081 2534 1282 2634 deputasse,
1315 2545 1355 2608 ut
1386 2533 1516 2610 deliciis
1544 2536 1616 2610 suis
1643 2561 1781 2634 operam
1807 2543 1956 2610 navaret.
2008 2537 2090 2614 Qua
2115 2534 2150 2608 in
2175 2559 2211 2608 re

690 2665 822 2753 quanto
855 2653 971 2728 studio
999 2665 1211 2745 versaretur,
1235 2657 1355 2756 paucis
1381 2655 1480 2730 annis
1504 2665 1584 2756 post
1609 2656 1706 2730 libris
1734 2655 1877 2730 edendis
1901 2655 2069 2756 probavit.
2120 2656 2211 2728 Nam

689 2797 781 2847 anno
818 2776 912 2848 1820
947 2775 1079 2875 publici
1111 2776 1196 2850 iuris
1221 2777 1303 2853 lecit
1331 2784 1406 2852 tum
1430 2776 1577 2850 franciae
1601 2777 1867 2854 Miscellaneaa
1895 2776 2209 2850 Foeneratum

690 2894 972 2984 Nederlandicia,
995 2905 1073 2971 tum
1094 2897 1206 2996 patrio
1229 2920 1385 2971 sermone
1411 2895 1571 2991 uolumen
1599 2893 1749 2993 primum
1772 2895 1994 2994 Anthalopiae
2016 2919 2059 2968 ea
2080 2894 2212 2990 optimis

681 3017 798 3112 positia
816 3015 1078 3091 Nederlandicia
1091 3020 1171 3094 iada
1191 3045 1214 3091 a
1233 3018 1343 3092 seculo
1364 3019 1425 3090 13⁰
1444 3017 1494 3090 ad
1511 3017 1654 3091 secatam
1677 3018 1780 3103 18⁰³,
1806 3013 1906 3091 cuius
1926 3013 2039 3113 operis
2057 3013 2209 3112 proximo

691 3134 830 3210 biennio
864 3136 978 3212 adhuc
1015 3138 1085 3211 duo
1118 3138 1294 3213 volumina
1321 3136 1533 3236 prodierunt.
1585 3136 1682 3211 Siout
1711 3144 1830 3211 autem
1861 3135 1897 3209 in
1933 3144 2079 3232 utroque
2108 3156 2207 3232 opere

689 3252 874 3327 melliferae
907 3254 982 3354 apis
1016 3264 1130 3354 partes
1163 3265 1297 3354 egerat,
1332 3257 1381 3330 ita
1417 3256 1512 3329 brevi
1544 3255 1716 3344 ostendit,
1752 3282 1821 3333 non
1844 3256 1964 3330 deesse
1989 3255 2056 3329 sibi
2080 3252 2208 3352 ingenii

690 3372 797 3461 vires,
832 3384 873 3447 ut
893 3399 936 3448 ea
961 3400 998 3448 se
1021 3351 1095 3474 ipse
1122 3375 1280 3449 nonnihil
1302 3382 1473 3473 promeret
1503 3384 1540 3469 et
1563 3374 1598 3447 in
1625 3374 1737 3449 lucem
1762 3374 1937 3473 proferret.
1988 3374 2093 3445 Anno
2117 3371 2208 3445 enim

692 3494 786 3568 1822
816 3519 953 3568 carmen
985 3494 1060 3569 eius
1090 3494 1383 3569 Nederlandicum
1409 3496 1538 3568 Pastor
1562 3498 1598 3569 irr
1634 3496 1757 3592 Campo
1775 3520 1911 3593 papaae
1937 3495 1987 3567 ad
2005 3493 2208 3589 Neoporlam

689 3617 880 3689 commissae
910 3641 931 3689 a
956 3616 1052 3715 regia
1078 3616 1237 3715 Linguae
1258 3625 1293 3689 et
1317 3616 1465 3688 Podseos
1490 3615 1654 3689 socictate
1683 3613 1912 3713 Neoportensi
1938 3610 2090 3711 praemio
2113 3636 2208 3685 orna·

689 3743 767 3807 tum
797 3742 864 3822 est,
898 3735 1089 3834 eodemque
1121 3760 1212 3809 anno
1243 3734 1362 3833 lingua
1392 3734 1572 3809 vernacula
1598 3734 1726 3835 prodiit
1755 3758 1891 3809 carmen
1922 3732 2085 3831 lyricum:
2123 3734 2212 3831 Bepi

690 3864 726 3925 et
749 3854 897 3950 papula,
930 3878 1021 3927 anno
1056 3863 1173 3929 autem
1202 3854 1360 3954 proximo
1396 3878 1415 3927 c
1446 3878 1571 3953 genere
1606 3853 1794 3929 dramatico
1822 3854 1906 3929 haec
1933 3852 1978 3928 ab
2008 3878 2049 3927 eo
2078 3851 2209 3925 Neder-

690 3970 825 4045 landioe
857 3972 951 4047 edita
985 3981 1039 4048 est
1071 3974 1206 4050 fabula:
1240 3976 1355 4075 Reges
1377 3978 1413 4048 in
1441 3976 1523 4049 urbe
1548 3976 1678 4049 Breda.
1730 3974 1800 4049 Sed
1831 3974 1915 4049 haec
1947 3972 2063 4047 omnia
2099 3970 2207 4071 gravi·

693 4099 765 4166 tate
797 4100 936 4190 superat
964 4093 1038 4167 eius
1062 4094 1270 4193 opusculum
1307 4096 1349 4169 de
1377 4094 1512 4167 canalio
1535 4094 1752 4167 instaurandi
1776 4100 1812 4167 et
1834 4091 2094 4189 praescribendi
2119 4114 2210 4165 mam

693 4214 829 4312 linquae
865 4212 1147 4290 Nederlandicac.
1209 4216 1248 4289 ln
1293 4212 1407 4288 lucem
1448 4212 1535 4287 illud
1573 4210 1701 4311 prodiit
1740 4235 1831 4287 auno
1870 4212 1988 4299 1825,
2028 4209 2050 4285 i.
2082 4234 2131 4297 a,
2169 4232 2210 4285 eo

693 4338 868 4431 tempore,
914 4358 983 4433 quo
1026 4334 1174 4410 civitatis
1213 4341 1350 4409 nostrae
1368 4386 1371 4393 ·
1388 4334 1619 4409 moderatores
1664 4356 1802 4407 summa
1845 4331 1898 4407 val
1944 4330 2060 4430 potius
2105 4329 2212 4405 nimia

694 4476 761 4551 ope
800 4452 1020 4544 nitebantur,
1064 4465 1125 4545 nt,
1165 4454 1339 4556 quidquid
1381 4462 1536 4529 actorum
1571 4452 1790 4552 publicorum
1830 4450 1869 4527 iu
1908 4450 2068 4525 universo
2106 4474 2212 4548 ragno

695 4573 811 4660 fieret,
856 4573 985 4672 ubique
1024 4576 1079 4650 bis
1124 4575 1230 4651 rebus
1254 4575 1480 4674 peragendis
1527 4598 1597 4649 una
1641 4572 1820 4647 inserviret
1859 4570 1980 4670 lingua
2022 4568 2212 4645 Nederlan-

697 4691 784 4767 dica.
835 4692 915 4767 Non
947 4695 1056 4793 igitur
1084 4696 1231 4785 mirum,
1262 4718 1512 4786 susannam,
1547 4694 1717 4771 industria
1745 4692 1849 4769 etiam
1874 4698 1910 4765 et
1932 4687 2075 4763 iuvenili
2099 4688 2214 4787 vigore

695 4836 732 4887 se
765 4814 1087 4904 commendantem,
1121 4814 1212 4915 Regi
1245 4838 1483 4892 nurummror
1513 4815 1733 4916 aptissimum
1760 4836 1834 4891 esre
1865 4810 1977 4887 visum
2002 4809 2048 4885 ad
2072 4807 2214 4885 consilia
