4959 6175
691 682 733 749 rs
979 650 981 655 ’
1237 673 1264 743 1.
1299 674 1338 741 e.
1370 671 1655 763 srerreee

686 886 896 965 coercendus
918 890 972 961 eet
994 881 1134 985 penites
1150 880 1244 957 intre
1266 880 1394 957 limites
1416 884 1576 969 exactae,
1597 856 1688 979 qeee
1708 874 1855 966 dieitur,
1880 875 2055 954 amentiae.
2102 875 2210 959 Quod

688 1008 718 1083 si
745 1007 821 1083 fieri
854 1012 990 1107 posset,
1019 1026 1143 1105 perum
1177 1000 1374 1102 prodessetr
1410 1024 1493 1077 nem
1529 998 1593 1075 riis
1625 996 1763 1073 usitatis
1796 995 1926 1071 relictis
1960 995 2019 1073 ille
2052 1020 2095 1073 eo
2129 998 2211 1077 duci

688 1134 821 1231 potest,
846 1126 910 1203 ubi
931 1122 1186 1227 deprehendet,
1221 1145 1311 1221 qeee
1333 1127 1437 1197 antee
1456 1119 1606 1195 insontis
1637 1118 1756 1193 lemen
1789 1114 1945 1193 effemnt
1996 1116 2070 1196 Qui
2091 1126 2210 1195 eutem

688 1247 872 1350 persenties
894 1245 980 1345 qeid
1001 1242 1134 1344 appetit
1152 1266 1259 1340 quam
1280 1239 1442 1317 scientiae
1460 1248 1575 1341 partes
1595 1234 1826 1339 experientiae
1848 1260 1914 1337 ope
1931 1238 2210 1337 consequendas,

687 1354 744 1445 hio
773 1368 876 1445 ehem
901 1366 1013 1455 siem,
1048 1386 1156 1464 quem
1187 1384 1311 1463 perum
1336 1360 1441 1437 refert
1467 1368 1587 1437 utrum
1619 1356 1866 1458 speculativam
1893 1357 2045 1457 appelles
2071 1382 2117 1435 en
2143 1360 2212 1437 elio

687 1487 853 1564 vocabulo
880 1485 1062 1585 designes,
1098 1472 1315 1583 ingredietur
1338 1505 1478 1557 neeesse
1509 1487 1574 1556 est.
1622 1479 1757 1555 Rerum
1784 1500 1930 1577 genere,
1963 1478 2210 1579 proprietetes,

688 1607 969 1708 msgnitudines,
1004 1602 1264 1679 coniunctiones
1288 1602 1606 1701 disiundionesqee
1638 1608 1676 1675 et
1697 1598 1842 1675 omnino
1873 1599 2083 1675 metetiones
2106 1624 2210 1700 erpe-

688 1726 811 1802 rientie
834 1731 1109 1825 cognoscentem
1134 1730 1172 1799 et
1193 1746 1264 1798 non
1286 1722 1439 1799 ostendit
1460 1720 1539 1810 ille,
1564 1720 1651 1820 qnid
1670 1720 1719 1795 sit
1737 1718 1833 1819 quod
1854 1717 1959 1794 rehes
1981 1721 2074 1811 eise,
2094 1726 2209 1811 tactu,

687 1842 811 1920 sedite
838 1842 1030 1943 perceptis,
1064 1840 1299 1939 materiaeque
1332 1863 1461 1915 nomen
1491 1838 1714 1939 gerentibus,
1749 1838 1947 1915 subiectum
1984 1840 2040 1919 sit
2090 1842 2211 1917 Nostri

639 1966 642 1973 ’
687 1963 894 2041 conscientie
926 1966 1143 2060 compertum
1177 1966 1231 2035 est
1261 1958 1384 2049 nohis,
1417 1959 1504 2059 qeid
1530 1969 1614 2059 eget
1645 1958 1804 2049 enimes,
1838 1983 1998 2059 queeque
2033 1961 2109 2037 eies
2139 1961 2212 2037 sint

688 2083 902 2160 effochones:
939 2082 1001 2157 sed
1037 2106 1107 2157 non
1141 2079 1246 2170 item,
1284 2080 1371 2179 quid
1395 2080 1442 2156 sit
1466 2080 1555 2156 illud
1579 2080 1675 2180 quod
1699 2079 1852 2180 cogitet,
1885 2081 2010 2171 sentit,
2044 2082 2208 2158 decernit

689 2206 790 2283 Quae
807 2212 924 2279 aetem
942 2201 1135 2302 disciplinis
1151 2199 1419 2289 mathematicis,
1438 2200 1606 2299 physicis,
1624 2200 1747 2276 ethicis
1760 2198 1936 2275 subiectae
1952 2210 2036 2275 sent
2053 2201 2212 2277 notbnes

688 2321 871 2422 temporis,
906 2320 1027 2420 spatii,
1059 2328 1194 2409 motus,
1228 2319 1378 2409 virium,
1412 2327 1625 2411 atomorum,
1659 2320 1744 2395 iesti
1768 2344 1808 2394 eo
1841 2319 1944 2409 boni,
1969 2318 2152 2397 necessarii
2176 2331 2212 2396 et

686 2439 919 2541 contingentis
942 2446 979 2514 et
1002 2438 1040 2513 id
1063 2462 1174 2539 genes
1192 2438 1298 2529 alise,
1321 2446 1441 2514 etrum
1461 2440 1558 2515 nella
1578 2444 1722 2540 excepte
1743 2437 1912 2537 originem
1937 2438 2089 2515 debeent
2108 2464 2211 2541 expe·

515 2634 529 2640 ,
688 2561 849 2649 dentice,
884 2583 928 2634 en
960 2558 1087 2659 partim
1120 2583 1163 2633 er
1194 2566 1311 2634 mente
1335 2559 1412 2659 ipse
1443 2560 1667 2661 depromptae
1691 2561 1780 2650 sint,
1815 2560 1853 2636 in
1881 2562 2114 2636 controversie
2138 2570 2207 2656 est:

688 2681 753 2757 hoc
780 2687 900 2757 eutem
926 2678 1033 2754 dnbio
1054 2685 1169 2769 secet,
1194 2702 1315 2755 esrem
1335 2686 1497 2755 naturam
1521 2680 1731 2781 experientis
1756 2705 1827 2759 non
1855 2680 2028 2782 explicari·
2078 2682 2210 2759 Verum

562 2896 564 2903 Ι
689 2798 782 2875 dicet
806 2797 949 2877 fortasse
973 2798 1115 2899 aliquis,
1139 2823 1178 2875 ee
1199 2798 1339 2875 illarum
1359 2806 1520 2876 netmam
1542 2821 1613 2876 non
1635 2826 1772 2893 cerere,
1797 2802 1860 2879 sed
1879 2826 1921 2879 ee
1945 2810 2084 2879 tantem
2104 2826 2210 2903 quee-

688 2940 785 3010 rere,
820 2942 909 3020 quae
944 2918 1155 3020 experientis
1178 2926 1339 2995 oonstere
1370 2919 1523 3019 possint,
1556 2924 1619 2997 eet
1644 2946 1689 2997 ex
1720 2922 1776 2997 hia
1811 2928 1905 2999 certe
1927 2922 2061 2999 retione
2093 2921 2213 3001 eonse-

689 3046 851 3141 qeaeter.
900 3040 977 3117 Neo
1003 3039 1224 3116 diffitendum
1248 3046 1302 3116 eet
1324 3039 1420 3115 haed
1443 3039 1494 3116 ite
1516 3064 1645 3141 magno
1671 3066 1817 3119 numero
1840 3066 1917 3119 esse
1942 3042 2118 3134 homines,
2151 3044 2213 3144 qui

688 3168 847 3238 serenate
871 3161 994 3238 talium
1027 3185 1144 3238 rerem
1168 3159 1401 3262 exploratione
1432 3159 1659 3241 delectentur.
1707 3165 1839 3240 Eorum
1868 3169 2005 3254 emen,
2030 3163 2092 3262 qui
2122 3163 2214 3239 hene

688 3281 949 3381 quaestionem,
972 3281 1263 3384 ⁴metaphyeioem
1302 3281 1450 3372 scilieet,
1492 3289 1738 3375 contemnent,
1777 3284 1936 3360 nonnulli
1975 3283 2213 3386 inprudenter

688 3400 848 3480 incident
869 3401 907 3477 in
931 3401 1112 3502 opiniones
1133 3399 1407 3504 metephyeioas,
1432 3404 1494 3479 sed
1514 3405 1612 3481 nelle
1634 3405 1768 3482 retione
1791 3406 1953 3482 nitentes.
1994 3404 2070 3485 Qui
2094 3410 2211 3481 seem

686 3521 891 3623 philosopha
922 3521 1079 3622 gaudent
1115 3530 1240 3602 estere
1272 3531 1396 3624 sponte
1430 3547 1495 3599 sue
1527 3525 1755 3624 impellentur
1790 3523 1839 3602 ed
1873 3521 1958 3602 tolie
1989 3523 2209 3626 explorende.

689 3644 913 3742 Quemquam
942 3643 987 3718 de
1010 3651 1154 3720 netnree
1175 3644 1293 3719 studio
1313 3643 1413 3719 eliter
1435 3653 1577 3720 censere
1600 3669 1707 3746 quem
1738 3666 1878 3735 resno,
1909 3643 1949 3720 id
1980 3653 2099 3721 temen
2128 3667 2210 3720 oum

689 3786 730 3838 eo
750 3763 903 3838 resume
933 3771 1064 3864 agent,
1089 3771 1130 3840 et
1152 3788 1223 3840 non
1249 3763 1362 3839 solem
1383 3773 1594 3864 cognoscent
1613 3765 1860 3868 adspectehilie
1884 3773 1920 3841 et
1942 3765 2056 3866 leges,
2080 3762 2211 3864 quibes

685 3879 775 3956 haec
802 3880 1062 3980 obtemperent,
1095 3883 1158 3960 sed
1190 3883 1410 3984 praesertim,
1447 3883 1533 3984 qnid
1565 3907 1645 3961 vere
1676 3887 1722 3962 sit
1750 3893 1787 3961 et
1818 3908 1991 3985 queenem
2021 3882 2085 3974 iis,
2119 3905 2212 3984 qeee

692 3998 851 4076 sensibus
876 4006 1132 4093 monstrentur,
1166 4003 1237 4079 sint
1269 4002 1438 4085 subiecta.
1487 4005 1570 4080 Non
1595 4005 1681 4082 latet
1706 4031 1784 4097 eos,
1812 4007 1897 4083 heeo
1920 4029 1992 4082 non
2025 4004 2077 4082 ite
2109 4025 2212 4104 posse

691 4119 870 4220 cognosci,
905 4126 947 4194 et
979 4119 1075 4196 nulle
1106 4121 1256 4221 supersit
1279 4123 1464 4199 dubitandi
1486 4149 1609 4201 oense:
1643 4132 1680 4201 st
1701 4135 1884 4228 propterea
1906 4125 1966 4202 illa
1989 4147 2061 4201 nen
2083 4125 2211 4201 intecta

691 4239 917 4340 relinquenda
939 4263 1016 4316 esse
1042 4241 1254 4320 existiment
1302 4242 1414 4320 Inrita
1439 4268 1562 4322 eorum
1585 4242 1711 4322 animis
1734 4243 1950 4347 philosophia
1982 4252 2078 4321 vetet
2107 4265 2210 4320 eoee

692 4359 965 4460 philosopheedo
987 4361 1165 4440 desistere.

718 4475 786 4554 'In
815 4479 935 4586 primis
959 4483 1117 4580 quaestio
1140 4482 1346 4560 desummo
1370 4485 1529 4562 omnium
1548 4507 1665 4562 rernm
1694 4485 1863 4590 principio
1882 4484 1930 4561 ed
1953 4482 2210 4584 Philosophiam

555 4686 558 4700 ‚
693 4599 861 4700 pertinetr
896 4599 962 4675 etsi
982 4602 1135 4702 agitetur
1163 4603 1270 4679 etism
1290 4603 1382 4680 inter
1405 4605 1505 4696 illos,
1539 4605 1603 4705 qui
1625 4612 1778 4682 eetcrnm
1801 4603 2061 4705 Philosophiam
2086 4623 2211 4705 parem

694 4727 825 4798 serent
875 4719 983 4799 Quod
1007 4721 1151 4821 quidem
1173 4723 1372 4800 mirandum
1392 4744 1463 4801 non
1484 4733 1549 4803 eet
1595 4725 1749 4802 Animus
1769 4726 1864 4803 enim
1889 4726 2064 4803 hernenes
2086 4732 2212 4800 nature

694 4865 757 4918 seo
782 4840 831 4917 its
864 4849 1083 4940 eempemtus
1108 4849 1183 4936 est,
1217 4851 1260 4920 et
1291 4843 1415 4922 tenht
1444 4845 1493 4924 ad
1524 4845 1662 4939 Deem,
1697 4854 1805 4948 atque
1840 4847 1928 4926 haee.
1955 4845 2141 4948 propensio
2171 4843 2209 4920 in
