<?xml version="1.0" encoding="UTF-8"?>
<!DOCTYPE html PUBLIC "-//W3C//DTD XHTML 1.0 Transitional//EN"
    "http://www.w3.org/TR/xhtml1/DTD/xhtml1-transitional.dtd">
<html xmlns="http://www.w3.org/1999/xhtml" xml:lang="en" lang="en">
 <head>
  <title>
</title>
<meta http-equiv="Content-Type" content="text/html;charset=utf-8" />
  <meta name='ocr-system' content='tesseract 3.04.00' />
  <meta name='ocr-capabilities' content='ocr_page ocr_carea ocr_par ocr_line ocrx_word'/>
</head>
<body>
  <div class='ocr_page' id='page_1' title='image "annalesacademic12unkngoog_0099.png"; bbox 0 0 4959 6175; ppageno 0'>
   <div class='ocr_carea' id='block_1_1' title="bbox 904 676 1799 748">
    <p class='ocr_par' dir='ltr' id='par_1_1' title="bbox 904 676 1799 748">
     <span class='ocr_line' id='line_1_1' title="bbox 904 676 1799 748; baseline 0.004 -4"><span class='ocrx_word' id='word_1_1' title='bbox 904 676 1181 745; x_wconf 78' lang='lat' dir='ltr'><strong>ORATIO.</strong></span> <span class='ocrx_word' id='word_1_2' title='bbox 1756 683 1799 748; x_wconf 88' lang='grc'>89</span> 
     </span>
    </p>
   </div>
   <div class='ocr_carea' id='block_1_2' title="bbox 192 886 1915 4798">
    <p class='ocr_par' dir='ltr' id='par_1_2' title="bbox 277 886 1915 1232">
     <span class='ocr_line' id='line_1_2' title="bbox 277 886 1793 986; baseline -0.003 -19"><span class='ocrx_word' id='word_1_3' title='bbox 277 899 396 979; x_wconf 87' lang='lat' dir='ltr'>erant,</span> <span class='ocrx_word' id='word_1_4' title='bbox 419 890 471 964; x_wconf 93' lang='lat' dir='ltr'>ibi</span> <span class='ocrx_word' id='word_1_5' title='bbox 492 895 554 964; x_wconf 89' lang='lat' dir='ltr'>aut</span> <span class='ocrx_word' id='word_1_6' title='bbox 577 893 772 976; x_wconf 89' lang='lat' dir='ltr'>manerent,</span> <span class='ocrx_word' id='word_1_7' title='bbox 804 892 868 962; x_wconf 89' lang='lat' dir='ltr'>aut</span> <span class='ocrx_word' id='word_1_8' title='bbox 887 887 997 962; x_wconf 91' lang='lat' dir='ltr'>serius</span> <span class='ocrx_word' id='word_1_9' title='bbox 1015 887 1111 964; x_wconf 88' lang='lat' dir='ltr'>ocius</span> <span class='ocrx_word' id='word_1_10' title='bbox 1132 888 1169 962; x_wconf 94' lang='lat' dir='ltr'>in</span> <span class='ocrx_word' id='word_1_11' title='bbox 1193 887 1306 964; x_wconf 88' lang='lat' dir='ltr'>locum</span> <span class='ocrx_word' id='word_1_12' title='bbox 1333 886 1545 963; x_wconf 85' lang='lat' dir='ltr'>destinatum</span> <span class='ocrx_word' id='word_1_13' title='bbox 1567 888 1793 986; x_wconf 87' lang='lat' dir='ltr'>pervenirent.</span> 
     </span>
     <span class='ocr_line' id='line_1_3' title="bbox 280 1006 1798 1108; baseline -0.003 -22"><span class='ocrx_word' id='word_1_14' title='bbox 280 1012 339 1088; x_wconf 86' lang='lat' dir='ltr'>Sic</span> <span class='ocrx_word' id='word_1_15' title='bbox 367 1034 527 1086; x_wconf 80' lang='lat' dir='ltr'>awvcxrr</span> <span class='ocrx_word' id='word_1_16' title='bbox 546 1009 583 1083; x_wconf 91' lang='lat' dir='ltr'>in</span> <span class='ocrx_word' id='word_1_17' title='bbox 604 1007 782 1083; x_wconf 87' lang='lat' dir='ltr'>bonafide</span> <span class='ocrx_word' id='word_1_18' title='bbox 805 1007 938 1081; x_wconf 87' lang='lat' dir='ltr'>tuenda</span> <span class='ocrx_word' id='word_1_19' title='bbox 958 1006 1116 1108; x_wconf 79' lang='lat' dir='ltr'>religioni</span> <span class='ocrx_word' id='word_1_20' title='bbox 1135 1007 1418 1084; x_wconf 88' lang='lat' dir='ltr'>Observatcrium</span> <span class='ocrx_word' id='word_1_21' title='bbox 1438 1007 1663 1084; x_wconf 85' lang='lat' dir='ltr'>Bruxelleuse</span> <span class='ocrx_word' id='word_1_22' title='bbox 1689 1033 1798 1084; x_wconf 92' lang='lat' dir='ltr'>unum</span> 
     </span>
     <span class='ocr_line' id='line_1_4' title="bbox 282 1125 1915 1232; baseline -0.002 -26"><span class='ocrx_word' id='word_1_23' title='bbox 282 1158 303 1206; x_wconf 92' lang='lat' dir='ltr'>e</span> <span class='ocrx_word' id='word_1_24' title='bbox 325 1128 630 1230; x_wconf 76' lang='lat' dir='ltr'>praestantissimis</span> <span class='ocrx_word' id='word_1_25' title='bbox 652 1125 893 1202; x_wconf 81' lang='lat' dir='ltr'>instrumentis</span> <span class='ocrx_word' id='word_1_26' title='bbox 919 1135 1100 1225; x_wconf 89' lang='lat' dir='ltr'>acceptum</span> <span class='ocrx_word' id='word_1_27' title='bbox 1121 1127 1235 1202; x_wconf 88' lang='lat' dir='ltr'>refert.</span> <span class='ocrx_word' id='word_1_28' title='bbox 1912 1225 1915 1232; x_wconf 13' lang='grc' dir='ltr'><em>Ι</em></span> 
     </span>
    </p>

    <p class='ocr_par' dir='ltr' id='par_1_3' title="bbox 192 1247 1856 4222">
     <span class='ocr_line' id='line_1_5' title="bbox 331 1247 1798 1348; baseline -0.002 -24"><span class='ocrx_word' id='word_1_29' title='bbox 331 1253 464 1326; x_wconf 89' lang='lat' dir='ltr'>Rerum</span> <span class='ocrx_word' id='word_1_30' title='bbox 489 1249 706 1348; x_wconf 86' lang='lat' dir='ltr'>publicarum</span> <span class='ocrx_word' id='word_1_31' title='bbox 733 1247 908 1322; x_wconf 78' lang='lat' dir='ltr'>conversio</span> <span class='ocrx_word' id='word_1_32' title='bbox 926 1254 961 1320; x_wconf 93' lang='lat' dir='ltr'>et</span> <span class='ocrx_word' id='word_1_33' title='bbox 984 1247 1068 1321; x_wconf 88' lang='lat' dir='ltr'>alias</span> <span class='ocrx_word' id='word_1_34' title='bbox 1087 1247 1206 1321; x_wconf 88' lang='lat' dir='ltr'>attulit</span> <span class='ocrx_word' id='word_1_35' title='bbox 1227 1247 1447 1323; x_wconf 89' lang='lat' dir='ltr'>difficultates</span> <span class='ocrx_word' id='word_1_36' title='bbox 1473 1254 1509 1322; x_wconf 87' lang='lat' dir='ltr'>et</span> <span class='ocrx_word' id='word_1_37' title='bbox 1532 1248 1698 1322; x_wconf 88' lang='lat' dir='ltr'>maximas</span> <span class='ocrx_word' id='word_1_38' title='bbox 1720 1270 1798 1346; x_wconf 91' lang='lat' dir='ltr'>pos·</span> 
     </span>
     <span class='ocr_line' id='line_1_6' title="bbox 282 1347 1856 1469; baseline -0.003 -25"><span class='ocrx_word' id='word_1_39' title='bbox 282 1371 407 1444; x_wconf 89' lang='lat' dir='ltr'>tulavit</span> <span class='ocrx_word' id='word_1_40' title='bbox 437 1371 620 1469; x_wconf 88' lang='lat' dir='ltr'>impensas.</span> <span class='ocrx_word' id='word_1_41' title='bbox 679 1367 771 1446; x_wconf 85' lang='lat' dir='ltr'>Quis</span> <span class='ocrx_word' id='word_1_42' title='bbox 805 1376 1000 1466; x_wconf 91' lang='lat' dir='ltr'>temporum</span> <span class='ocrx_word' id='word_1_43' title='bbox 1032 1367 1170 1442; x_wconf 89' lang='lat' dir='ltr'>illorum</span> <span class='ocrx_word' id='word_1_44' title='bbox 1201 1392 1332 1442; x_wconf 90' lang='lat' dir='ltr'>memor</span> <span class='ocrx_word' id='word_1_45' title='bbox 1364 1368 1492 1456; x_wconf 88' lang='lat' dir='ltr'>nescit,</span> <span class='ocrx_word' id='word_1_46' title='bbox 1528 1367 1798 1467; x_wconf 89' lang='lat' dir='ltr'>pulcherrimum</span> <span class='ocrx_word' id='word_1_47' title='bbox 1853 1347 1856 1364; x_wconf 23' lang='grc' dir='ltr'><strong>Ἰ</strong></span> 
     </span>
     <span class='ocr_line' id='line_1_7' title="bbox 278 1486 1798 1588; baseline -0.002 -26"><span class='ocrx_word' id='word_1_48' title='bbox 278 1490 400 1577; x_wconf 91' lang='lat' dir='ltr'>illum,</span> <span class='ocrx_word' id='word_1_49' title='bbox 431 1489 493 1588; x_wconf 94' lang='lat' dir='ltr'>qui</span> <span class='ocrx_word' id='word_1_50' title='bbox 520 1513 602 1587; x_wconf 86' lang='lat' dir='ltr'>rege</span> <span class='ocrx_word' id='word_1_51' title='bbox 633 1487 680 1562; x_wconf 90' lang='lat' dir='ltr'>ad</span> <span class='ocrx_word' id='word_1_52' title='bbox 708 1511 804 1562; x_wconf 87' lang='lat' dir='ltr'>arma</span> <span class='ocrx_word' id='word_1_53' title='bbox 834 1496 976 1562; x_wconf 85' lang='lat' dir='ltr'>vocante</span> <span class='ocrx_word' id='word_1_54' title='bbox 1002 1487 1218 1586; x_wconf 88' lang='lat' dir='ltr'>conscriptus</span> <span class='ocrx_word' id='word_1_55' title='bbox 1242 1494 1314 1575; x_wconf 88' lang='lat' dir='ltr'>est,</span> <span class='ocrx_word' id='word_1_56' title='bbox 1340 1486 1527 1562; x_wconf 80' lang='lat' dir='ltr'>exercitum</span> <span class='ocrx_word' id='word_1_57' title='bbox 1552 1487 1647 1562; x_wconf 92' lang='lat' dir='ltr'>brevi</span> <span class='ocrx_word' id='word_1_58' title='bbox 1669 1487 1798 1562; x_wconf 87' lang='lat' dir='ltr'>serario</span> 
     </span>
     <span class='ocr_line' id='line_1_8' title="bbox 279 1605 1797 1706; baseline -0.003 -22"><span class='ocrx_word' id='word_1_59' title='bbox 279 1610 368 1684; x_wconf 87' lang='lat' dir='ltr'>tanti</span> <span class='ocrx_word' id='word_1_60' title='bbox 403 1608 618 1694; x_wconf 86' lang='lat' dir='ltr'>constitisse,</span> <span class='ocrx_word' id='word_1_61' title='bbox 663 1616 702 1680; x_wconf 93' lang='lat' dir='ltr'>ut</span> <span class='ocrx_word' id='word_1_62' title='bbox 739 1607 882 1682; x_wconf 88' lang='lat' dir='ltr'>caeteris</span> <span class='ocrx_word' id='word_1_63' title='bbox 917 1607 1085 1706; x_wconf 88' lang='lat' dir='ltr'>impensis</span> <span class='ocrx_word' id='word_1_64' title='bbox 1116 1607 1280 1682; x_wconf 87' lang='lat' dir='ltr'>omnibus</span> <span class='ocrx_word' id='word_1_65' title='bbox 1312 1608 1436 1682; x_wconf 92' lang='lat' dir='ltr'>modus</span> <span class='ocrx_word' id='word_1_66' title='bbox 1470 1615 1561 1682; x_wconf 91' lang='lat' dir='ltr'>esset</span> <span class='ocrx_word' id='word_1_67' title='bbox 1592 1605 1797 1681; x_wconf 80' lang='lat' dir='ltr'>faciendus?</span> 
     </span>
     <span class='ocr_line' id='line_1_9' title="bbox 280 1724 1799 1827; baseline -0.002 -25"><span class='ocrx_word' id='word_1_68' title='bbox 280 1728 382 1804; x_wconf 89' lang='lat' dir='ltr'>Hanc</span> <span class='ocrx_word' id='word_1_69' title='bbox 402 1724 648 1827; x_wconf 90' lang='lat' dir='ltr'>parcimoniam</span> <span class='ocrx_word' id='word_1_70' title='bbox 669 1727 822 1826; x_wconf 91' lang='lat' dir='ltr'>primum</span> <span class='ocrx_word' id='word_1_71' title='bbox 845 1737 985 1826; x_wconf 85' lang='lat' dir='ltr'>experta</span> <span class='ocrx_word' id='word_1_72' title='bbox 1007 1736 1061 1803; x_wconf 90' lang='lat' dir='ltr'>est</span> <span class='ocrx_word' id='word_1_73' title='bbox 1082 1728 1331 1816; x_wconf 87' lang='lat' dir='ltr'>institutionis,</span> <span class='ocrx_word' id='word_1_74' title='bbox 1356 1728 1483 1803; x_wconf 88' lang='lat' dir='ltr'>artium</span> <span class='ocrx_word' id='word_1_75' title='bbox 1507 1735 1543 1801; x_wconf 86' lang='lat' dir='ltr'>et</span> <span class='ocrx_word' id='word_1_76' title='bbox 1564 1725 1799 1801; x_wconf 82' lang='lat' dir='ltr'>doctrinarum</span> 
     </span>
     <span class='ocr_line' id='line_1_10' title="bbox 279 1846 1796 1947; baseline -0.003 -25"><span class='ocrx_word' id='word_1_77' title='bbox 279 1872 404 1937; x_wconf 87' lang='lat' dir='ltr'>eausa,</span> <span class='ocrx_word' id='word_1_78' title='bbox 438 1872 509 1944; x_wconf 89' lang='lat' dir='ltr'>qua</span> <span class='ocrx_word' id='word_1_79' title='bbox 537 1847 858 1923; x_wconf 88' lang='lat' dir='ltr'>munificentissime</span> <span class='ocrx_word' id='word_1_80' title='bbox 882 1847 1014 1924; x_wconf 90' lang='lat' dir='ltr'>tuenda</span> <span class='ocrx_word' id='word_1_81' title='bbox 1041 1871 1265 1924; x_wconf 82' lang='lat' dir='ltr'>aumrrrnrus</span> <span class='ocrx_word' id='word_1_82' title='bbox 1288 1873 1302 1922; x_wconf 92' lang='lat'>1</span> <span class='ocrx_word' id='word_1_83' title='bbox 1331 1847 1460 1946; x_wconf 89' lang='lat' dir='ltr'>primos</span> <span class='ocrx_word' id='word_1_84' title='bbox 1491 1846 1589 1947; x_wconf 84' lang='lat' dir='ltr'>regni</span> <span class='ocrx_word' id='word_1_85' title='bbox 1612 1847 1667 1922; x_wconf 91' lang='lat' dir='ltr'>sui</span> <span class='ocrx_word' id='word_1_86' title='bbox 1687 1870 1796 1922; x_wconf 87' lang='lat' dir='ltr'>annos</span> 
     </span>
     <span class='ocr_line' id='line_1_11' title="bbox 279 1965 1798 2068; baseline -0.001 -26"><span class='ocrx_word' id='word_1_87' title='bbox 279 1967 518 2042; x_wconf 83' lang='lat' dir='ltr'>illustraverat.</span> <span class='ocrx_word' id='word_1_88' title='bbox 569 1969 655 2042; x_wconf 89' lang='lat' dir='ltr'>Mox</span> <span class='ocrx_word' id='word_1_89' title='bbox 687 1968 800 2043; x_wconf 89' lang='lat' dir='ltr'>visum</span> <span class='ocrx_word' id='word_1_90' title='bbox 832 1976 886 2043; x_wconf 89' lang='lat' dir='ltr'>est</span> <span class='ocrx_word' id='word_1_91' title='bbox 915 1967 1006 2067; x_wconf 83' lang='lat' dir='ltr'>Regi</span> <span class='ocrx_word' id='word_1_92' title='bbox 1026 1967 1192 2068; x_wconf 86' lang='lat' dir='ltr'>abrogare</span> <span class='ocrx_word' id='word_1_93' title='bbox 1214 1991 1345 2042; x_wconf 91' lang='lat' dir='ltr'>munus</span> <span class='ocrx_word' id='word_1_94' title='bbox 1364 1968 1677 2054; x_wconf 80' lang='lat' dir='ltr'>Admirar&#39;rtratoris,</span> <span class='ocrx_word' id='word_1_95' title='bbox 1702 1965 1798 2064; x_wconf 92' lang='lat' dir='ltr'>quod</span> 
     </span>
     <span class='ocr_line' id='line_1_12' title="bbox 272 2084 1797 2185; baseline -0.001 -24"><span class='ocrx_word' id='word_1_96' title='bbox 272 2109 467 2161; x_wconf 75' lang='lat' dir='ltr'>svvrcrrrus</span> <span class='ocrx_word' id='word_1_97' title='bbox 498 2110 561 2185; x_wconf 90' lang='lat' dir='ltr'>per</span> <span class='ocrx_word' id='word_1_98' title='bbox 593 2093 727 2185; x_wconf 86' lang='lat' dir='ltr'>septem</span> <span class='ocrx_word' id='word_1_99' title='bbox 758 2110 867 2160; x_wconf 89' lang='lat' dir='ltr'>annos</span> <span class='ocrx_word' id='word_1_100' title='bbox 897 2084 1035 2184; x_wconf 82' lang='lat' dir='ltr'>egregie</span> <span class='ocrx_word' id='word_1_101' title='bbox 1067 2094 1231 2184; x_wconf 88' lang='lat' dir='ltr'>gesserat.</span> <span class='ocrx_word' id='word_1_102' title='bbox 1282 2089 1506 2185; x_wconf 85' lang='lat' dir='ltr'>Quamquam</span> <span class='ocrx_word' id='word_1_103' title='bbox 1531 2112 1553 2161; x_wconf 91' lang='lat' dir='ltr'>a</span> <span class='ocrx_word' id='word_1_104' title='bbox 1579 2085 1797 2160; x_wconf 84' lang='lat' dir='ltr'>Praefectura</span> 
     </span>
     <span class='ocr_line' id='line_1_13' title="bbox 280 2205 1794 2304; baseline -0.001 -24"><span class='ocrx_word' id='word_1_105' title='bbox 280 2230 392 2280; x_wconf 89' lang='lat' dir='ltr'>rerum</span> <span class='ocrx_word' id='word_1_106' title='bbox 422 2205 690 2279; x_wconf 87' lang='lat' dir='ltr'>domesticarum</span> <span class='ocrx_word' id='word_1_107' title='bbox 718 2229 787 2279; x_wconf 95' lang='lat' dir='ltr'>non</span> <span class='ocrx_word' id='word_1_108' title='bbox 820 2213 996 2304; x_wconf 87' lang='lat' dir='ltr'>separatus</span> <span class='ocrx_word' id='word_1_109' title='bbox 1027 2214 1098 2294; x_wconf 90' lang='lat' dir='ltr'>est,</span> <span class='ocrx_word' id='word_1_110' title='bbox 1132 2206 1195 2279; x_wconf 90' lang='lat' dir='ltr'>sed</span> <span class='ocrx_word' id='word_1_111' title='bbox 1217 2205 1319 2282; x_wconf 90' lang='lat' dir='ltr'>titulo</span> <span class='ocrx_word' id='word_1_112' title='bbox 1354 2208 1549 2281; x_wconf 82' lang='lat' dir='ltr'>Consiliarii</span> <span class='ocrx_word' id='word_1_113' title='bbox 1573 2207 1606 2280; x_wconf 87' lang='lat' dir='ltr'>ei</span> <span class='ocrx_word' id='word_1_114' title='bbox 1633 2206 1794 2293; x_wconf 90' lang='lat' dir='ltr'>iunctus,</span> 
     </span>
     <span class='ocr_line' id='line_1_14' title="bbox 192 2325 1793 2427; baseline 0 -27"><span class='ocrx_word' id='word_1_115' title='bbox 192 2420 195 2427; x_wconf 15' lang='grc' dir='ltr'><em>ι</em></span> <span class='ocrx_word' id='word_1_116' title='bbox 280 2327 346 2400; x_wconf 89' lang='lat' dir='ltr'>illis</span> <span class='ocrx_word' id='word_1_117' title='bbox 375 2326 411 2399; x_wconf 94' lang='lat' dir='ltr'>in</span> <span class='ocrx_word' id='word_1_118' title='bbox 445 2325 551 2401; x_wconf 88' lang='lat' dir='ltr'>rebus</span> <span class='ocrx_word' id='word_1_119' title='bbox 586 2350 607 2399; x_wconf 88' lang='lat' dir='ltr'>a</span> <span class='ocrx_word' id='word_1_120' title='bbox 641 2325 792 2400; x_wconf 91' lang='lat' dir='ltr'>consiliis</span> <span class='ocrx_word' id='word_1_121' title='bbox 830 2334 939 2414; x_wconf 88' lang='lat' dir='ltr'>esset,</span> <span class='ocrx_word' id='word_1_122' title='bbox 975 2349 1125 2424; x_wconf 90' lang='lat' dir='ltr'>quorum</span> <span class='ocrx_word' id='word_1_123' title='bbox 1157 2334 1259 2401; x_wconf 87' lang='lat' dir='ltr'>antea</span> <span class='ocrx_word' id='word_1_124' title='bbox 1290 2350 1395 2425; x_wconf 88' lang='lat' dir='ltr'>penes</span> <span class='ocrx_word' id='word_1_125' title='bbox 1421 2327 1537 2425; x_wconf 92' lang='lat' dir='ltr'>ipsum</span> <span class='ocrx_word' id='word_1_126' title='bbox 1567 2349 1649 2400; x_wconf 89' lang='lat' dir='ltr'>cura</span> <span class='ocrx_word' id='word_1_127' title='bbox 1670 2325 1793 2400; x_wconf 89' lang='lat' dir='ltr'>fuerat.</span> 
     </span>
     <span class='ocr_line' id='line_1_15' title="bbox 282 2444 1797 2546; baseline 0 -26"><span class='ocrx_word' id='word_1_128' title='bbox 282 2445 478 2546; x_wconf 84' lang='lat' dir='ltr'>intelligitis</span> <span class='ocrx_word' id='word_1_129' title='bbox 510 2469 580 2518; x_wconf 92' lang='lat' dir='ltr'>non</span> <span class='ocrx_word' id='word_1_130' title='bbox 617 2453 752 2538; x_wconf 84' lang='lat' dir='ltr'>tantum</span> <span class='ocrx_word' id='word_1_131' title='bbox 784 2444 893 2533; x_wconf 92' lang='lat' dir='ltr'>tituli,</span> <span class='ocrx_word' id='word_1_132' title='bbox 919 2445 1002 2532; x_wconf 83' lang='lat' dir='ltr'>aed,</span> <span class='ocrx_word' id='word_1_133' title='bbox 1026 2445 1122 2544; x_wconf 90' lang='lat' dir='ltr'>quod</span> <span class='ocrx_word' id='word_1_134' title='bbox 1142 2447 1301 2546; x_wconf 86' lang='lat' dir='ltr'>gravius,</span> <span class='ocrx_word' id='word_1_135' title='bbox 1326 2445 1532 2521; x_wconf 86' lang='lat' dir='ltr'>conditionis</span> <span class='ocrx_word' id='word_1_136' title='bbox 1556 2445 1797 2520; x_wconf 87' lang='lat' dir='ltr'>commutatio·</span> 
     </span>
     <span class='ocr_line' id='line_1_16' title="bbox 281 2565 1796 2666; baseline -0.001 -25"><span class='ocrx_word' id='word_1_137' title='bbox 281 2592 357 2641; x_wconf 93' lang='lat' dir='ltr'>nem</span> <span class='ocrx_word' id='word_1_138' title='bbox 389 2590 465 2640; x_wconf 85' lang='lat' dir='ltr'>esse</span> <span class='ocrx_word' id='word_1_139' title='bbox 495 2566 645 2640; x_wconf 88' lang='lat' dir='ltr'>allatam.</span> <span class='ocrx_word' id='word_1_140' title='bbox 694 2567 806 2652; x_wconf 88' lang='lat' dir='ltr'>Nam,</span> <span class='ocrx_word' id='word_1_141' title='bbox 841 2566 1135 2663; x_wconf 90' lang='lat' dir='ltr'>quemadmodum</span> <span class='ocrx_word' id='word_1_142' title='bbox 1170 2567 1284 2642; x_wconf 85' lang='lat' dir='ltr'>adhue</span> <span class='ocrx_word' id='word_1_143' title='bbox 1318 2591 1359 2640; x_wconf 87' lang='lat' dir='ltr'>ao</span> <span class='ocrx_word' id='word_1_144' title='bbox 1386 2565 1550 2666; x_wconf 86' lang='lat' dir='ltr'>principis</span> <span class='ocrx_word' id='word_1_145' title='bbox 1573 2565 1796 2664; x_wconf 81' lang='lat' dir='ltr'>magistratus</span> 
     </span>
     <span class='ocr_line' id='line_1_17' title="bbox 279 2684 1795 2785; baseline -0.001 -25"><span class='ocrx_word' id='word_1_146' title='bbox 279 2689 351 2761; x_wconf 88' lang='lat' dir='ltr'>iure</span> <span class='ocrx_word' id='word_1_147' title='bbox 385 2711 496 2785; x_wconf 88' lang='lat' dir='ltr'>esque</span> <span class='ocrx_word' id='word_1_148' title='bbox 528 2685 656 2784; x_wconf 89' lang='lat' dir='ltr'>agendi</span> <span class='ocrx_word' id='word_1_149' title='bbox 690 2684 849 2760; x_wconf 88' lang='lat' dir='ltr'>libertate</span> <span class='ocrx_word' id='word_1_150' title='bbox 872 2709 958 2759; x_wconf 91' lang='lat' dir='ltr'>usus</span> <span class='ocrx_word' id='word_1_151' title='bbox 987 2692 1079 2774; x_wconf 88' lang='lat' dir='ltr'>erat,</span> <span class='ocrx_word' id='word_1_152' title='bbox 1105 2694 1164 2775; x_wconf 92' lang='lat' dir='ltr'>ut,</span> <span class='ocrx_word' id='word_1_153' title='bbox 1189 2711 1280 2785; x_wconf 88' lang='lat' dir='ltr'>qnae</span> <span class='ocrx_word' id='word_1_154' title='bbox 1301 2686 1433 2785; x_wconf 91' lang='lat' dir='ltr'>optima</span> <span class='ocrx_word' id='word_1_155' title='bbox 1454 2695 1608 2762; x_wconf 88' lang='lat' dir='ltr'>censeret</span> <span class='ocrx_word' id='word_1_156' title='bbox 1629 2686 1675 2761; x_wconf 92' lang='lat' dir='ltr'>ad</span> <span class='ocrx_word' id='word_1_157' title='bbox 1697 2685 1795 2759; x_wconf 88' lang='lat' dir='ltr'>insti·</span> 
     </span>
     <span class='ocr_line' id='line_1_18' title="bbox 279 2805 1795 2906; baseline 0 -26"><span class='ocrx_word' id='word_1_158' title='bbox 279 2806 451 2881; x_wconf 91' lang='lat' dir='ltr'>tutionem</span> <span class='ocrx_word' id='word_1_159' title='bbox 474 2805 745 2894; x_wconf 86' lang='lat' dir='ltr'>emendandam,</span> <span class='ocrx_word' id='word_1_160' title='bbox 769 2805 966 2904; x_wconf 86' lang='lat' dir='ltr'>artiumque</span> <span class='ocrx_word' id='word_1_161' title='bbox 986 2814 1022 2880; x_wconf 89' lang='lat' dir='ltr'>et</span> <span class='ocrx_word' id='word_1_162' title='bbox 1044 2807 1279 2882; x_wconf 88' lang='lat' dir='ltr'>doctrinarum</span> <span class='ocrx_word' id='word_1_163' title='bbox 1304 2807 1420 2882; x_wconf 87' lang='lat' dir='ltr'>studia</span> <span class='ocrx_word' id='word_1_164' title='bbox 1443 2806 1679 2905; x_wconf 87' lang='lat' dir='ltr'>provehenda,</span> <span class='ocrx_word' id='word_1_165' title='bbox 1704 2807 1795 2906; x_wconf 86' lang='lat' dir='ltr'>Regi</span> 
     </span>
     <span class='ocr_line' id='line_1_19' title="bbox 280 2925 1794 3025; baseline -0.001 -25"><span class='ocrx_word' id='word_1_166' title='bbox 280 2929 353 3025; x_wconf 75' lang='lat' dir='ltr'>ipm</span> <span class='ocrx_word' id='word_1_167' title='bbox 383 2926 657 3014; x_wconf 88' lang='lat' dir='ltr'>commendaret,</span> <span class='ocrx_word' id='word_1_168' title='bbox 692 2934 728 2999; x_wconf 90' lang='lat' dir='ltr'>et</span> <span class='ocrx_word' id='word_1_169' title='bbox 764 2925 803 3000; x_wconf 91' lang='lat' dir='ltr'>in</span> <span class='ocrx_word' id='word_1_170' title='bbox 838 2926 1014 3000; x_wconf 86' lang='lat' dir='ltr'>nonnullis</span> <span class='ocrx_word' id='word_1_171' title='bbox 1052 2933 1190 3001; x_wconf 90' lang='lat' dir='ltr'>tantum</span> <span class='ocrx_word' id='word_1_172' title='bbox 1228 2926 1342 3001; x_wconf 89' lang='lat' dir='ltr'>causis</span> <span class='ocrx_word' id='word_1_173' title='bbox 1377 2927 1553 3002; x_wconf 82' lang='lat' dir='ltr'>Praefecto</span> <span class='ocrx_word' id='word_1_174' title='bbox 1582 2949 1701 3000; x_wconf 90' lang='lat' dir='ltr'>rerum</span> <span class='ocrx_word' id='word_1_175' title='bbox 1734 2925 1794 3000; x_wconf 92' lang='lat' dir='ltr'>do·</span> 
     </span>
     <span class='ocr_line' id='line_1_20' title="bbox 281 3035 1796 3136; baseline -0.002 -14"><span class='ocrx_word' id='word_1_176' title='bbox 281 3045 503 3122; x_wconf 83' lang='lat' dir='ltr'>masticarum</span> <span class='ocrx_word' id='word_1_177' title='bbox 535 3035 840 3123; x_wconf 75' lang='lat' dir='ltr'>administrationis</span> <span class='ocrx_word' id='word_1_178' title='bbox 872 3071 955 3123; x_wconf 87' lang='lat' dir='ltr'>suae</span> <span class='ocrx_word' id='word_1_179' title='bbox 984 3047 1134 3123; x_wconf 88' lang='lat' dir='ltr'>rationes</span> <span class='ocrx_word' id='word_1_180' title='bbox 1161 3046 1342 3136; x_wconf 88' lang='lat' dir='ltr'>redderet,</span> <span class='ocrx_word' id='word_1_181' title='bbox 1371 3045 1422 3124; x_wconf 90' lang='lat' dir='ltr'>ita</span> <span class='ocrx_word' id='word_1_182' title='bbox 1449 3053 1533 3123; x_wconf 90' lang='lat' dir='ltr'>tunc</span> <span class='ocrx_word' id='word_1_183' title='bbox 1555 3045 1717 3121; x_wconf 87' lang='lat' dir='ltr'>detrusus</span> <span class='ocrx_word' id='word_1_184' title='bbox 1742 3055 1796 3121; x_wconf 90' lang='lat' dir='ltr'>est</span> 
     </span>
     <span class='ocr_line' id='line_1_21' title="bbox 282 3165 1797 3266; baseline 0 -26"><span class='ocrx_word' id='word_1_185' title='bbox 282 3166 320 3240; x_wconf 89' lang='lat' dir='ltr'>in</span> <span class='ocrx_word' id='word_1_186' title='bbox 355 3167 469 3242; x_wconf 90' lang='lat' dir='ltr'>locum</span> <span class='ocrx_word' id='word_1_187' title='bbox 500 3166 713 3255; x_wconf 89' lang='lat' dir='ltr'>inferiorem,</span> <span class='ocrx_word' id='word_1_188' title='bbox 749 3192 819 3266; x_wconf 92' lang='lat' dir='ltr'>quo</span> <span class='ocrx_word' id='word_1_189' title='bbox 852 3165 1033 3242; x_wconf 89' lang='lat' dir='ltr'>consilium</span> <span class='ocrx_word' id='word_1_190' title='bbox 1069 3167 1247 3243; x_wconf 83' lang='lat' dir='ltr'>Praefecto</span> <span class='ocrx_word' id='word_1_191' title='bbox 1278 3168 1329 3242; x_wconf 92' lang='lat' dir='ltr'>illi</span> <span class='ocrx_word' id='word_1_192' title='bbox 1362 3167 1538 3265; x_wconf 89' lang='lat' dir='ltr'>impertire</span> <span class='ocrx_word' id='word_1_193' title='bbox 1570 3166 1739 3255; x_wconf 89' lang='lat' dir='ltr'>debebat,</span> <span class='ocrx_word' id='word_1_194' title='bbox 1767 3166 1797 3241; x_wconf 91' lang='lat' dir='ltr'>si</span> 
     </span>
     <span class='ocr_line' id='line_1_22' title="bbox 280 3280 1794 3387; baseline 0.003 -30"><span class='ocrx_word' id='word_1_195' title='bbox 280 3285 368 3359; x_wconf 86' lang='lat' dir='ltr'>forte</span> <span class='ocrx_word' id='word_1_196' title='bbox 400 3287 532 3361; x_wconf 87' lang='lat' dir='ltr'>consilii</span> <span class='ocrx_word' id='word_1_197' title='bbox 561 3287 695 3386; x_wconf 88' lang='lat' dir='ltr'>aliquid</span> <span class='ocrx_word' id='word_1_198' title='bbox 724 3287 769 3362; x_wconf 87' lang='lat' dir='ltr'>ab</span> <span class='ocrx_word' id='word_1_199' title='bbox 806 3312 848 3362; x_wconf 89' lang='lat' dir='ltr'>co</span> <span class='ocrx_word' id='word_1_200' title='bbox 880 3295 1064 3387; x_wconf 89' lang='lat' dir='ltr'>peteretur.</span> <span class='ocrx_word' id='word_1_201' title='bbox 1113 3287 1306 3387; x_wconf 88' lang='lat' dir='ltr'>Indignum</span> <span class='ocrx_word' id='word_1_202' title='bbox 1339 3312 1420 3363; x_wconf 85' lang='lat' dir='ltr'>rane</span> <span class='ocrx_word' id='word_1_203' title='bbox 1450 3310 1619 3363; x_wconf 82' lang='lat' dir='ltr'>awrcxro</span> <span class='ocrx_word' id='word_1_204' title='bbox 1648 3280 1794 3362; x_wconf 83' lang='lat' dir='ltr'>munusl</span> 
     </span>
     <span class='ocr_line' id='line_1_23' title="bbox 280 3405 1794 3508; baseline -0.003 -23"><span class='ocrx_word' id='word_1_205' title='bbox 280 3407 385 3485; x_wconf 88' lang='lat' dir='ltr'>Quod</span> <span class='ocrx_word' id='word_1_206' title='bbox 416 3416 532 3483; x_wconf 88' lang='lat' dir='ltr'>tamen</span> <span class='ocrx_word' id='word_1_207' title='bbox 566 3405 634 3508; x_wconf 90' lang='lat' dir='ltr'>ipsi</span> <span class='ocrx_word' id='word_1_208' title='bbox 667 3409 762 3484; x_wconf 91' lang='lat' dir='ltr'>haud</span> <span class='ocrx_word' id='word_1_209' title='bbox 796 3409 913 3485; x_wconf 87' lang='lat' dir='ltr'>attulit</span> <span class='ocrx_word' id='word_1_210' title='bbox 944 3408 1191 3507; x_wconf 87' lang='lat' dir='ltr'>ignominiam,</span> <span class='ocrx_word' id='word_1_211' title='bbox 1227 3408 1289 3482; x_wconf 90' lang='lat' dir='ltr'>sed</span> <span class='ocrx_word' id='word_1_212' title='bbox 1324 3408 1639 3508; x_wconf 86' lang='lat' dir='ltr'>intelligentissimo</span> <span class='ocrx_word' id='word_1_213' title='bbox 1669 3408 1794 3506; x_wconf 91' lang='lat' dir='ltr'>cuique</span> 
     </span>
     <span class='ocr_line' id='line_1_24' title="bbox 279 3525 1796 3627; baseline 0.001 -27"><span class='ocrx_word' id='word_1_214' title='bbox 279 3525 389 3623; x_wconf 88' lang='lat' dir='ltr'>palam</span> <span class='ocrx_word' id='word_1_215' title='bbox 419 3528 519 3616; x_wconf 89' lang='lat' dir='ltr'>fecit,</span> <span class='ocrx_word' id='word_1_216' title='bbox 551 3529 589 3602; x_wconf 93' lang='lat' dir='ltr'>in</span> <span class='ocrx_word' id='word_1_217' title='bbox 613 3529 860 3617; x_wconf 86' lang='lat' dir='ltr'>institutionis,</span> <span class='ocrx_word' id='word_1_218' title='bbox 885 3528 1013 3604; x_wconf 91' lang='lat' dir='ltr'>artium</span> <span class='ocrx_word' id='word_1_219' title='bbox 1037 3528 1339 3627; x_wconf 86' lang='lat' dir='ltr'>doctrinarumque</span> <span class='ocrx_word' id='word_1_220' title='bbox 1361 3528 1514 3627; x_wconf 88' lang='lat' dir='ltr'>vigorem</span> <span class='ocrx_word' id='word_1_221' title='bbox 1534 3527 1670 3603; x_wconf 91' lang='lat' dir='ltr'>nullum</span> <span class='ocrx_word' id='word_1_222' title='bbox 1694 3550 1796 3601; x_wconf 92' lang='lat' dir='ltr'>num·</span> 
     </span>
     <span class='ocr_line' id='line_1_25' title="bbox 281 3646 1796 3748; baseline 0.002 -30"><span class='ocrx_word' id='word_1_223' title='bbox 281 3669 374 3719; x_wconf 93' lang='lat' dir='ltr'>mum</span> <span class='ocrx_word' id='word_1_224' title='bbox 408 3648 543 3747; x_wconf 86' lang='lat' dir='ltr'>erogari</span> <span class='ocrx_word' id='word_1_225' title='bbox 572 3672 683 3748; x_wconf 89' lang='lat' dir='ltr'>posse.</span> <span class='ocrx_word' id='word_1_226' title='bbox 733 3648 865 3724; x_wconf 86' lang='lat' dir='ltr'>Verum</span> <span class='ocrx_word' id='word_1_227' title='bbox 900 3649 1046 3736; x_wconf 89' lang='lat' dir='ltr'>vidisse,</span> <span class='ocrx_word' id='word_1_228' title='bbox 1077 3648 1140 3747; x_wconf 93' lang='lat' dir='ltr'>qui</span> <span class='ocrx_word' id='word_1_229' title='bbox 1163 3648 1258 3722; x_wconf 91' lang='lat' dir='ltr'>istud</span> <span class='ocrx_word' id='word_1_230' title='bbox 1282 3672 1410 3721; x_wconf 89' lang='lat' dir='ltr'>munus</span> <span class='ocrx_word' id='word_1_231' title='bbox 1431 3672 1506 3722; x_wconf 89' lang='lat' dir='ltr'>eam</span> <span class='ocrx_word' id='word_1_232' title='bbox 1530 3648 1566 3721; x_wconf 95' lang='lat' dir='ltr'>in</span> <span class='ocrx_word' id='word_1_233' title='bbox 1589 3655 1722 3745; x_wconf 87' lang='lat' dir='ltr'>partem</span> <span class='ocrx_word' id='word_1_234' title='bbox 1743 3646 1796 3721; x_wconf 92' lang='lat' dir='ltr'>in·</span> 
     </span>
     <span class='ocr_line' id='line_1_26' title="bbox 280 3750 1796 3866; baseline 0.003 -29"><span class='ocrx_word' id='word_1_235' title='bbox 280 3772 564 3862; x_wconf 86' lang='lat' dir='ltr'>terpretarentur,</span> <span class='ocrx_word' id='word_1_236' title='bbox 607 3775 766 3865; x_wconf 89' lang='lat' dir='ltr'>tempora</span> <span class='ocrx_word' id='word_1_237' title='bbox 798 3792 879 3842; x_wconf 84' lang='lat' dir='ltr'>mox</span> <span class='ocrx_word' id='word_1_238' title='bbox 920 3767 1077 3841; x_wconf 88' lang='lat' dir='ltr'>insecuta</span> <span class='ocrx_word' id='word_1_239' title='bbox 1111 3750 1343 3842; x_wconf 87' lang='lat' dir='ltr'>efficacissime</span> <span class='ocrx_word' id='word_1_240' title='bbox 1375 3767 1575 3866; x_wconf 88' lang='lat' dir='ltr'>probarunt.</span> <span class='ocrx_word' id='word_1_241' title='bbox 1625 3768 1719 3841; x_wconf 88' lang='lat' dir='ltr'>Nam</span> <span class='ocrx_word' id='word_1_242' title='bbox 1753 3766 1796 3841; x_wconf 90' lang='lat' dir='ltr'>de</span> 
     </span>
     <span class='ocr_line' id='line_1_27' title="bbox 280 3882 1797 3985; baseline 0.003 -30"><span class='ocrx_word' id='word_1_243' title='bbox 280 3882 386 3980; x_wconf 83' lang='lat' dir='ltr'>Regis</span> <span class='ocrx_word' id='word_1_244' title='bbox 419 3908 502 3983; x_wconf 86' lang='lat' dir='ltr'>erga</span> <span class='ocrx_word' id='word_1_245' title='bbox 535 3906 734 3962; x_wconf 79' lang='lat' dir='ltr'>awvcnruu</span> <span class='ocrx_word' id='word_1_246' title='bbox 768 3888 884 3961; x_wconf 87' lang='lat' dir='ltr'>animo</span> <span class='ocrx_word' id='word_1_247' title='bbox 917 3887 948 3960; x_wconf 91' lang='lat' dir='ltr'>si</span> <span class='ocrx_word' id='word_1_248' title='bbox 979 3886 1175 3985; x_wconf 85' lang='lat' dir='ltr'>quaeritur,</span> <span class='ocrx_word' id='word_1_249' title='bbox 1207 3886 1300 3959; x_wconf 92' lang='lat' dir='ltr'>illius</span> <span class='ocrx_word' id='word_1_250' title='bbox 1325 3884 1598 3960; x_wconf 87' lang='lat' dir='ltr'>benevolentiam</span> <span class='ocrx_word' id='word_1_251' title='bbox 1625 3884 1680 3959; x_wconf 90' lang='lat' dir='ltr'>hic</span> <span class='ocrx_word' id='word_1_252' title='bbox 1707 3908 1797 3959; x_wconf 91' lang='lat' dir='ltr'>nun·</span> 
     </span>
     <span class='ocr_line' id='line_1_28' title="bbox 279 4002 1797 4104; baseline 0.003 -29"><span class='ocrx_word' id='word_1_253' title='bbox 279 4024 385 4097; x_wconf 89' lang='lat' dir='ltr'>quam</span> <span class='ocrx_word' id='word_1_254' title='bbox 418 4002 609 4099; x_wconf 86' lang='lat' dir='ltr'>requisivit.</span> <span class='ocrx_word' id='word_1_255' title='bbox 660 4004 808 4093; x_wconf 86' lang='lat' dir='ltr'>Contra,</span> <span class='ocrx_word' id='word_1_256' title='bbox 846 4005 968 4103; x_wconf 89' lang='lat' dir='ltr'>quanti</span> <span class='ocrx_word' id='word_1_257' title='bbox 998 4028 1079 4078; x_wconf 89' lang='lat' dir='ltr'>eum</span> <span class='ocrx_word' id='word_1_258' title='bbox 1110 4004 1236 4079; x_wconf 90' lang='lat' dir='ltr'>faceret</span> <span class='ocrx_word' id='word_1_259' title='bbox 1269 4005 1451 4103; x_wconf 87' lang='lat' dir='ltr'>Princeps,</span> <span class='ocrx_word' id='word_1_260' title='bbox 1475 4006 1594 4104; x_wconf 88' lang='lat' dir='ltr'>paucis</span> <span class='ocrx_word' id='word_1_261' title='bbox 1620 4004 1797 4080; x_wconf 90' lang='lat' dir='ltr'>mensibus</span> 
     </span>
     <span class='ocr_line' id='line_1_29' title="bbox 280 4116 1748 4222; baseline 0.005 -29"><span class='ocrx_word' id='word_1_262' title='bbox 280 4129 358 4219; x_wconf 91' lang='lat' dir='ltr'>post</span> <span class='ocrx_word' id='word_1_263' title='bbox 383 4124 511 4214; x_wconf 76' lang='lat'>(1832)</span> <span class='ocrx_word' id='word_1_264' title='bbox 535 4123 715 4222; x_wconf 88' lang='lat' dir='ltr'>apparuit,</span> <span class='ocrx_word' id='word_1_265' title='bbox 739 4125 827 4199; x_wconf 89' lang='lat' dir='ltr'>lecto</span> <span class='ocrx_word' id='word_1_266' title='bbox 851 4149 1019 4201; x_wconf 76' lang='lat' dir='ltr'>rrvvvcrrro</span> <span class='ocrx_word' id='word_1_267' title='bbox 1041 4125 1239 4200; x_wconf 89' lang='lat' dir='ltr'>Provinciae</span> <span class='ocrx_word' id='word_1_268' title='bbox 1263 4116 1473 4201; x_wconf 81' lang='lat' dir='ltr'>Dianthiuae</span> <span class='ocrx_word' id='word_1_269' title='bbox 1498 4124 1748 4201; x_wconf 87' lang='lat' dir='ltr'>Gubernatora.</span> 
     </span>
    </p>

    <p class='ocr_par' dir='ltr' id='par_1_4' title="bbox 277 4238 1797 4798">
     <span class='ocr_line' id='line_1_30' title="bbox 326 4238 1796 4345; baseline 0.003 -30"><span class='ocrx_word' id='word_1_270' title='bbox 326 4240 386 4315; x_wconf 90' lang='lat' dir='ltr'>Ab</span> <span class='ocrx_word' id='word_1_271' title='bbox 406 4242 473 4316; x_wconf 88' lang='lat' dir='ltr'>hoe</span> <span class='ocrx_word' id='word_1_272' title='bbox 492 4250 646 4342; x_wconf 89' lang='lat' dir='ltr'>tempore</span> <span class='ocrx_word' id='word_1_273' title='bbox 668 4244 806 4342; x_wconf 88' lang='lat' dir='ltr'>publica</span> <span class='ocrx_word' id='word_1_274' title='bbox 827 4238 986 4321; x_wconf 74' lang='lat' dir='ltr'>aurern</span> <span class='ocrx_word' id='word_1_275' title='bbox 1010 4246 1079 4320; x_wconf 89' lang='lat' dir='ltr'>vita</span> <span class='ocrx_word' id='word_1_276' title='bbox 1098 4270 1160 4343; x_wconf 90' lang='lat' dir='ltr'>per</span> <span class='ocrx_word' id='word_1_277' title='bbox 1182 4245 1321 4345; x_wconf 88' lang='lat' dir='ltr'>longam</span> <span class='ocrx_word' id='word_1_278' title='bbox 1342 4270 1512 4321; x_wconf 89' lang='lat' dir='ltr'>annorum</span> <span class='ocrx_word' id='word_1_279' title='bbox 1532 4244 1653 4319; x_wconf 89' lang='lat' dir='ltr'>seriam</span> <span class='ocrx_word' id='word_1_280' title='bbox 1674 4269 1796 4345; x_wconf 87' lang='lat' dir='ltr'>parum</span> 
     </span>
     <span class='ocr_line' id='line_1_31' title="bbox 279 4362 1796 4440; baseline 0.002 -4"><span class='ocrx_word' id='word_1_281' title='bbox 279 4362 560 4437; x_wconf 86' lang='lat' dir='ltr'>commutationis</span> <span class='ocrx_word' id='word_1_282' title='bbox 581 4364 700 4439; x_wconf 88' lang='lat' dir='ltr'>subiit.</span> <span class='ocrx_word' id='word_1_283' title='bbox 751 4365 920 4440; x_wconf 85' lang='lat' dir='ltr'>Kalendis</span> <span class='ocrx_word' id='word_1_284' title='bbox 943 4365 1114 4440; x_wconf 86' lang='lat' dir='ltr'>ianuariis</span> <span class='ocrx_word' id='word_1_285' title='bbox 1136 4366 1219 4439; x_wconf 87' lang='lat' dir='ltr'>anni</span> <span class='ocrx_word' id='word_1_286' title='bbox 1242 4368 1377 4439; x_wconf 83' lang='grc' dir='ltr'>184οθ</span> <span class='ocrx_word' id='word_1_287' title='bbox 1400 4365 1578 4439; x_wconf 87' lang='lat' dir='ltr'>Provincia</span> <span class='ocrx_word' id='word_1_288' title='bbox 1601 4362 1796 4440; x_wconf 86' lang='lat' dir='ltr'>Drentbina</span> 
     </span>
     <span class='ocr_line' id='line_1_32' title="bbox 279 4481 1797 4584; baseline 0.004 -31"><span class='ocrx_word' id='word_1_289' title='bbox 279 4481 462 4555; x_wconf 87' lang='lat' dir='ltr'>traductus</span> <span class='ocrx_word' id='word_1_290' title='bbox 482 4493 536 4555; x_wconf 89' lang='lat' dir='ltr'>est</span> <span class='ocrx_word' id='word_1_291' title='bbox 559 4483 596 4557; x_wconf 94' lang='lat' dir='ltr'>in</span> <span class='ocrx_word' id='word_1_292' title='bbox 616 4482 840 4561; x_wconf 86' lang='lat' dir='ltr'>Hollsndiam</span> <span class='ocrx_word' id='word_1_293' title='bbox 862 4484 1200 4583; x_wconf 77' lang='lat' dir='ltr'>septemtrionalem,</span> <span class='ocrx_word' id='word_1_294' title='bbox 1226 4485 1330 4558; x_wconf 89' lang='lat' dir='ltr'>huius</span> <span class='ocrx_word' id='word_1_295' title='bbox 1350 4484 1581 4584; x_wconf 86' lang='lat' dir='ltr'>amplissimae</span> <span class='ocrx_word' id='word_1_296' title='bbox 1599 4486 1797 4561; x_wconf 87' lang='lat' dir='ltr'>Provinciae</span> 
     </span>
     <span class='ocr_line' id='line_1_33' title="bbox 278 4602 1794 4702; baseline 0.003 -28"><span class='ocrx_word' id='word_1_297' title='bbox 278 4602 457 4700; x_wconf 87' lang='lat' dir='ltr'>regundae</span> <span class='ocrx_word' id='word_1_298' title='bbox 487 4627 592 4678; x_wconf 88' lang='lat' dir='ltr'>causa</span> <span class='ocrx_word' id='word_1_299' title='bbox 617 4603 719 4702; x_wconf 89' lang='lat' dir='ltr'>eique</span> <span class='ocrx_word' id='word_1_300' title='bbox 750 4604 806 4679; x_wconf 91' lang='lat' dir='ltr'>hic</span> <span class='ocrx_word' id='word_1_301' title='bbox 830 4604 971 4681; x_wconf 88' lang='lat' dir='ltr'>habitus</span> <span class='ocrx_word' id='word_1_302' title='bbox 999 4615 1053 4678; x_wconf 88' lang='lat' dir='ltr'>est</span> <span class='ocrx_word' id='word_1_303' title='bbox 1084 4604 1214 4692; x_wconf 90' lang='lat' dir='ltr'>bonos,</span> <span class='ocrx_word' id='word_1_304' title='bbox 1242 4614 1281 4678; x_wconf 93' lang='lat' dir='ltr'>ut</span> <span class='ocrx_word' id='word_1_305' title='bbox 1301 4605 1454 4680; x_wconf 82' lang='lat' dir='ltr'>Consilio</span> <span class='ocrx_word' id='word_1_306' title='bbox 1477 4606 1598 4681; x_wconf 88' lang='lat' dir='ltr'>Status</span> <span class='ocrx_word' id='word_1_307' title='bbox 1622 4616 1719 4681; x_wconf 87' lang='lat' dir='ltr'>extra</span> <span class='ocrx_word' id='word_1_308' title='bbox 1742 4630 1794 4679; x_wconf 90' lang='lat' dir='ltr'>or·</span> 
     </span>
     <span class='ocr_line' id='line_1_34' title="bbox 277 4720 682 4798; baseline 0.012 -5"><span class='ocrx_word' id='word_1_309' title='bbox 277 4720 396 4795; x_wconf 90' lang='lat' dir='ltr'>dinem</span> <span class='ocrx_word' id='word_1_310' title='bbox 420 4721 682 4798; x_wconf 88' lang='lat' dir='ltr'>adscriberetur.</span> 
     </span>
    </p>
   </div>
   <div class='ocr_carea' id='block_1_3' title="bbox 326 4839 1792 5040">
    <p class='ocr_par' dir='ltr' id='par_1_5' title="bbox 326 4839 1792 5040">
     <span class='ocr_line' id='line_1_35' title="bbox 326 4839 1792 4962; baseline 0.003 -47"><span class='ocrx_word' id='word_1_311' title='bbox 326 4842 453 4917; x_wconf 89' lang='lat' dir='ltr'>Meum</span> <span class='ocrx_word' id='word_1_312' title='bbox 484 4865 554 4953; x_wconf 83' lang='lat' dir='ltr'>nou</span> <span class='ocrx_word' id='word_1_313' title='bbox 587 4851 661 4933; x_wconf 89' lang='lat' dir='ltr'>est,</span> <span class='ocrx_word' id='word_1_314' title='bbox 685 4866 844 4919; x_wconf 83' lang='lat' dir='ltr'>uuvcmr</span> <span class='ocrx_word' id='word_1_315' title='bbox 870 4839 993 4962; x_wconf 77' lang='lat' dir='ltr'>merita</span> <span class='ocrx_word' id='word_1_316' title='bbox 1012 4844 1050 4919; x_wconf 95' lang='lat' dir='ltr'>in</span> <span class='ocrx_word' id='word_1_317' title='bbox 1072 4845 1256 4945; x_wconf 87' lang='lat' dir='ltr'>utriusque</span> <span class='ocrx_word' id='word_1_318' title='bbox 1277 4845 1475 4923; x_wconf 90' lang='lat' dir='ltr'>Provinciae</span> <span class='ocrx_word' id='word_1_319' title='bbox 1498 4846 1792 4923; x_wconf 87' lang='lat' dir='ltr'>administratione</span> 
     </span>
     <span class='ocr_line' id='line_1_36' title="bbox 1579 4968 1624 5040; baseline 0 0"><span class='ocrx_word' id='word_1_320' title='bbox 1579 4968 1624 5040; x_wconf 77' lang='lat'>12</span> 
     </span>
    </p>
   </div>
   <div class='ocr_carea' id='block_1_4' title="bbox 0 0 2484 6165">
    <p class='ocr_par' dir='ltr' id='par_1_6' title="bbox 0 0 2484 6165">
     <span class='ocr_line' id='line_1_37' title="bbox 0 0 2484 6165; baseline 0 0"><span class='ocrx_word' id='word_1_321' title='bbox 0 0 2484 6165; x_wconf 95' lang='lat' dir='ltr'> </span> 
     </span>
    </p>
   </div>
  </div>
 </body>
</html>
