4959 6175
1265 638 1690 709 1.G.flubual1lrt

1094 848 1142 910 Sic
1161 850 1192 911 ut
1211 847 1292 911 fortis
1311 867 1413 930 muas,
1432 849 1522 930 spatio
1541 850 1590 929 qui
1608 865 1689 929 saep·
1707 864 1834 929 supremo

1094 952 1172 1013 Vicit
1191 951 1337 1035 Olympia,
1356 970 1432 1013 nunc
1449 951 1528 1013 senio
1547 950 1684 1014 wniectu’
1704 948 1821 1031 quiescit
1837 944 1892 1029 ⁸⁸),

716 1095 754 1169 id
779 1092 874 1169 baud
909 1114 1024 1167 vereor
1048 1114 1114 1191 ego
1142 1114 1223 1166 cum
1260 1089 1412 1166 maximo
1449 1089 1574 1165 borum
1610 1088 1768 1165 omnium
1800 1111 1971 1165 consensu
2004 1088 2049 1163 ab
2076 1090 2232 1167 Enniana

716 1220 893 1289 senectute
913 1210 1096 1287 transferre
1118 1210 1163 1287 ad
1181 1216 1296 1287 tuam.
1348 1211 1573 1310 Quamquam
1595 1211 1658 1309 qui
1679 1209 1769 1285 bene
1788 1215 1825 1283 te
1848 1217 1978 1289 norunt
2000 1218 2037 1285 et
2058 1211 2232 1311 negotiosa

714 1342 776 1409 tue
800 1332 896 1423 otia,
919 1331 972 1408 vel
998 1332 1065 1407 ista
1090 1330 1277 1407 senectutis
1299 1329 1414 1429 quies·
1433 1354 1539 1429 quam
1572 1328 1741 1419 salubris,
1776 1353 1882 1428 quem
1909 1328 2086 1405 fructuosa
2111 1331 2157 1406 sit
2180 1331 2230 1407 bis

712 1454 819 1529 literis
846 1452 981 1542 lutura,
1007 1452 1077 1527 iem
1100 1475 1193 1526 nunc
1217 1450 1464 1551 praesentiunt.
1514 1450 1585 1525 Sed
1608 1450 1691 1525 illuc
1711 1448 1826 1525 redeo.
1876 1449 1932 1523 ru
1957 1450 2044 1525 mibi
2069 1458 2230 1527 utentes

711 1573 846 1663 favisti,
880 1574 928 1649 ite
953 1596 1054 1671 porro
1084 1571 1205 1647 edesse
1230 1578 1362 1671 tuaque
1390 1570 1428 1645 in
1452 1569 1572 1670 primis
1595 1568 1782 1668 prudentia
1806 1593 1851 1644 er
1882 1569 1988 1670 longo
2021 1593 2137 1645 rerum
2164 1596 2229 1647 usu

710 1700 883 1769 contracta
911 1693 1072 1792 prodesse
1096 1716 1141 1765 ne
1165 1715 1317 1791 gravere.
1367 1690 1430 1765 Me
1455 1714 1477 1764 a
1499 1697 1534 1764 ιι
1566 1689 1696 1764 dissere
1717 1712 1787 1763 non
1816 1689 1985 1788 pudebit,
2010 1689 2073 1765 sed
2097 1688 2227 1767 maiori·

711 1812 779 1887 bus
807 1813 911 1888 etism
940 1812 1167 1888 humanitatis
1202 1810 1325 1886 officiis
1357 1809 1424 1886 tibi
1449 1808 1621 1907 obstringi
1655 1808 1844 1907 plurimum
1877 1808 2022 1885 iuvabit.
2045 1853 2099 1871 -
2120 1811 2227 1886 Tuam

712 1941 848 2024 autem,
873 1932 1025 2022 Cobete,
1050 1931 1238 2007 amicitiam
1261 1931 1292 2007 si
1310 1938 1526 2031 expeterem,
1550 1927 1762 2003 subridicule
1783 1952 1885 2028 egere
1903 1928 1979 2003 iure
2001 1928 2067 2004 tibi
2090 1930 2226 2007 sideru

709 2054 763 2127 Ex
788 2077 858 2152 quo
883 2052 975 2128 enim
999 2036 1151 2151 primirm
1178 2051 1317 2127 dextras
1342 2050 1539 2139 iunximus,
1563 2057 1605 2124 tu
1628 2048 1732 2123 Baldi
1755 2055 1792 2123 et
1821 2048 2052 2148 Peerlkampii
2075 2051 2226 2139 auditor,

709 2172 862 2248 Heusdii
884 2180 920 2248 et
942 2172 1160 2247 Goudoeveri
1180 2196 1267 2271 ego,
1292 2171 1419 2247 abhinc
1447 2169 1531 2246 enni
1551 2184 1634 2245 sunt
1657 2167 1728 2242 fere
1751 2166 1908 2267 quinque
1933 2176 1969 2243 et
1994 2169 2139 2268 viginti,
2163 2178 2226 2245 stc·

709 2292 821 2391 titqne
846 2292 930 2367 haee
955 2290 1056 2366 nobis
1081 2291 1298 2391 temporibus
1324 2313 1394 2364 non
1419 2290 1612 2388 interropta
1634 2290 1732 2364 fides.
1781 2286 1899 2377 Quid,
1933 2287 2028 2387 quod
2061 2289 2117 2365 his
2147 2289 2227 2389 ipsis

708 2410 853 2500 diebus,
878 2435 988 2509 quum
1014 2411 1156 2485 adversa
1182 2410 1379 2487 valetudine
1403 2410 1467 2485 diu
1493 2410 1724 2498 conflictercr,
1748 2431 1818 2483 non
1854 2407 1967 2483 solum
1994 2416 2114 2483 auctor
2144 2408 2227 2485 mibi

708 2529 806 2605 luisti
827 2555 871 2605 ne
893 2529 997 2604 nimis
1018 2528 1214 2605 festinando
1235 2531 1326 2606 male
1347 2530 1436 2605 mihi
1456 2530 1687 2617 consulerem,
1713 2526 1775 2602 sed
1797 2526 1961 2603 obeundo
1979 2526 2120 2603 interim
2140 2528 2248 2630 vices

627 2666 630 2669 ’
708 2674 805 2725 meas
828 2648 954 2724 amoris
978 2657 1014 2724 et
1041 2648 1172 2748 gratioe
1194 2649 1444 2725 documentum
1476 2647 1604 2723 dedisti
1626 2647 1883 2723 certissimum?
1931 2648 2007 2724 Aut
2028 2649 2124 2725 euim
2146 2649 2227 2725 boec

707 2775 760 2844 est
783 2766 955 2857 amicitie,
980 2776 1041 2843 eut
1061 2768 1203 2844 omnino
1224 2769 1406 2863 nullaeat.
1445 2770 1548 2848 Quae
1574 2768 1676 2843 utin
1699 2766 1774 2843 dies
1797 2768 2021 2845 confirmetur
2039 2776 2076 2843 et
2099 2777 2227 2845 crescet

707 2889 737 2963 si
762 2888 832 2963 iam
858 2911 917 2963 oro
942 2892 977 2963 et
1002 2888 1142 2987 degite,
1167 2889 1233 2964 hoc
1256 2890 1400 2987 quidem
1422 2888 1486 2964 ebs
1518 2895 1554 2962 te
1578 2894 1677 2965 tanto
1699 2886 1836 2963 bodias
1859 2888 2073 2988 impetrabo,
2099 2896 2226 2990 quanto

703 3008 783 3108 plus
819 3007 1023 3084 incrementi
1055 3032 1101 3083 ex
1132 3008 1315 3085 eoncordia
1346 3015 1464 3084 nostre
1492 3032 1548 3083 res
1572 3015 1717 3108 captura
1752 3014 1825 3098 est,
1858 3034 1965 3109 quam
1999 3010 2229 3085 communiter

704 3152 831 3227 augere
857 3127 1038 3204 studemus
1067 3136 1102 3202 et
1124 3129 1214 3204 tueri
1237 3129 1380 3206 fortiter.
1431 3129 1476 3204 Id
1497 3127 1592 3204 enim
1612 3127 1895 3203 honestissimum
1916 3135 2091 3205 certamen
2113 3138 2227 3206 ιιοιιιιι

704 3248 791 3323 mibi
826 3273 901 3323 esse
926 3249 1020 3338 volo,
1056 3249 1156 3326 cuius
1182 3250 1399 3349 propositum
1436 3251 1483 3324 sit
1516 3249 1708 3324 iuventutis
1741 3249 1933 3323 commodis
1964 3248 2062 3357 omni
2096 3249 2227 3326 ratione

705 3369 858 3468 totisque
895 3369 1026 3444 viribus
1054 3371 1227 3447 inservire.
1278 3373 1505 3471 Quemquam
1532 3394 1602 3469 qua
1639 3378 1679 3445 ιιι
1713 3394 1751 3444 es
1783 3368 1988 3444 eruditionis
2025 3377 2063 3445 et
2096 3369 2227 3472 ingenii

703 3489 932 3590 praestantia,
960 3513 1029 3590 qua
1052 3491 1160 3590 polles
1180 3491 1218 3566 in
1237 3490 1358 3590 primis
1379 3491 1544 3567 facultate
1563 3489 1720 3589 rapiendi
1741 3489 1940 3571 auditorum
1962 3490 2095 3564 animos
2119 3499 2226 3590 atque

704 3609 749 3684 ad
776 3609 912 3710 pulchri
934 3610 1140 3711 honestique
1166 3635 1319 3686 amorem
1343 3610 1604 3697 inflammandi,
1639 3609 1676 3686 in
1700 3609 1766 3685 bac
1793 3609 2042 3685 concertatione
2072 3607 2139 3685 tibi
2165 3633 2224 3684 me

704 3751 774 3801 non
802 3754 939 3826 parem,
965 3731 1026 3807 sed
1048 3731 1150 3831 longe
1180 3729 1375 3804 inferiorem
1400 3730 1473 3804 fore
1498 3728 1607 3804 facilis
1631 3735 1686 3804 est
1716 3736 1752 3804 et
1783 3753 1893 3829 paene
1922 3735 2013 3805 certa
2043 3724 2223 3803 divinatio.

704 3845 784 3920 Hoc
811 3871 890 3922 vero
913 3850 1225 3949 quomodocunque
1247 3848 1399 3938 eveniet,
1424 3873 1535 3923 unum
1560 3849 1662 3925 velim
1685 3856 1727 3924 tu
1752 3848 1819 3923 tibi
1839 3856 1921 3925 ante
1943 3847 2058 3924 omnia
2079 3872 2224 3948 persua·

706 3964 806 4054 deas,
841 3965 1008 4064 collegam
1043 3967 1110 4041 ribi
1139 3967 1320 4066 obtingere
1352 3969 1506 4068 potuisse
1532 3992 1589 4043 me
1620 3968 1764 4068 quidem
1785 3967 1897 4046 multo
1921 3968 2129 4059 doctiorem,
2163 3969 2225 4044 sed

706 4083 767 4182 qui
794 4083 981 4182 promereri
1006 4085 1099 4160 hunc
1127 4086 1269 4162 titulum
1292 4088 1470 4163 ardentius
1493 4098 1654 4188 cuperet,
1679 4088 1866 4164 neminem.

735 4203 827 4278 ·Vos
849 4203 999 4303 denique
1022 4205 1169 4297 salvete,
1193 4207 1403 4282 ornatissimi
1427 4209 1584 4284 iuvenes!
1621 4208 1757 4283 Salvete
1777 4209 1922 4298 iterum,
1946 4209 2059 4283 futuri
2081 4208 2222 4284 commi-

705 4323 847 4398 litonesl
899 4325 1015 4401 Serius
1041 4327 1087 4402 ad
1120 4351 1180 4402 vos
1203 4327 1350 4417 accessi,
1385 4327 1464 4416 sed,
1498 4328 1628 4404 credite
1652 4327 1758 4418 mibi,
1791 4329 1922 4427 optime
1946 4327 2044 4403 vobis
2068 4328 2222 4427 cupiens

706 4443 831 4542 Neque
861 4443 911 4520 its
941 4471 1057 4523 rerum
1082 4447 1226 4548 ignarus
1246 4448 1342 4538 veni,
1366 4448 1453 4546 quin
1475 4447 1666 4523 multorum
1690 4471 1860 4523 annorum
1891 4471 1960 4524 usu
1992 4472 2123 4548 magna
2140 4471 2224 4524 mee

705 4562 880 4663 voluptate
916 4569 1145 4666 perceperim,
1183 4568 1348 4644 studiosis
1382 4577 1419 4642 et
1454 4566 1621 4643 modestis
1658 4566 1836 4668 discipulis
1868 4592 1951 4643 curn
1985 4568 2126 4643 doctore
2159 4589 2223 4641 neo

704 4684 809 4760 nimis
842 4707 959 4758 severo
992 4711 1055 4762 nec
1088 4687 1235 4786 turpiter
1260 4687 1464 4786 indulgente
1496 4711 1603 4786 quam
1629 4687 1782 4764 iucunde
1807 4687 1917 4786 possit
1950 4712 2026 4763 esse
2056 4685 2222 4773 societas,

706 4827 812 4905 quam
832 4811 932 4902 grata
958 4806 1187 4884 necessitudo.
1237 4806 1358 4881 Huius
1378 4805 1487 4906 igitur
1510 4806 1732 4885 suavissimae
1753 4806 2004 4885 coniunctionis
2022 4805 2161 4883 vinculo
2182 4811 2224 4881 ut
2263 4803 2267 4809 ’
2410 4809 2413 4814 ’
