<?xml version="1.0" encoding="UTF-8"?>
<!DOCTYPE html PUBLIC "-//W3C//DTD XHTML 1.0 Transitional//EN"
    "http://www.w3.org/TR/xhtml1/DTD/xhtml1-transitional.dtd">
<html xmlns="http://www.w3.org/1999/xhtml" xml:lang="en" lang="en">
 <head>
  <title>
</title>
<meta http-equiv="Content-Type" content="text/html;charset=utf-8" />
  <meta name='ocr-system' content='tesseract 3.04.00' />
  <meta name='ocr-capabilities' content='ocr_page ocr_carea ocr_par ocr_line ocrx_word'/>
</head>
<body>
  <div class='ocr_page' id='page_1' title='image "annalesacademic12unkngoog_0133.png"; bbox 0 0 4959 6175; ppageno 0'>
   <div class='ocr_carea' id='block_1_1' title="bbox 896 635 1936 778">
    <p class='ocr_par' dir='ltr' id='par_1_1' title="bbox 896 635 1936 778">
     <span class='ocr_line' id='line_1_1' title="bbox 896 635 1936 778; baseline 0.008 -13"><span class='ocrx_word' id='word_1_1' title='bbox 896 696 1188 769; x_wconf 67' lang='lat' dir='ltr'><strong>onemo.</strong></span> <span class='ocrx_word' id='word_1_2' title='bbox 1734 702 1801 778; x_wconf 76' lang='grc'><strong>118</strong></span> <span class='ocrx_word' id='word_1_3' title='bbox 1931 635 1936 638; x_wconf 91' lang='lat'>·</span> 
     </span>
    </p>
   </div>
   <div class='ocr_carea' id='block_1_2' title="bbox 276 902 1804 1356">
    <p class='ocr_par' dir='ltr' id='par_1_2' title="bbox 276 902 1803 1130">
     <span class='ocr_line' id='line_1_2' title="bbox 277 902 1803 1000; baseline 0 -14"><span class='ocrx_word' id='word_1_4' title='bbox 277 908 397 986; x_wconf 88' lang='lat' dir='ltr'><strong>minus</strong></span> <span class='ocrx_word' id='word_1_5' title='bbox 423 912 605 989; x_wconf 79' lang='lat' dir='ltr'><strong>sooumtoo</strong></span> <span class='ocrx_word' id='word_1_6' title='bbox 636 909 740 996; x_wconf 87' lang='lat' dir='ltr'><strong>suut,</strong></span> <span class='ocrx_word' id='word_1_7' title='bbox 768 902 890 982; x_wconf 81' lang='lat' dir='ltr'><strong>leudnt</strong></span> <span class='ocrx_word' id='word_1_8' title='bbox 920 911 1039 984; x_wconf 82' lang='lat' dir='ltr'><strong>temen</strong></span> <span class='ocrx_word' id='word_1_9' title='bbox 1069 905 1147 982; x_wconf 89' lang='lat' dir='ltr'><strong>eius</strong></span> <span class='ocrx_word' id='word_1_10' title='bbox 1173 904 1405 1000; x_wconf 71' lang='lat' dir='ltr'><strong>mdustdm,</strong></span> <span class='ocrx_word' id='word_1_11' title='bbox 1427 905 1669 988; x_wconf 62' lang='lat' dir='ltr'><strong>emortuom</strong></span> <span class='ocrx_word' id='word_1_12' title='bbox 1691 914 1729 986; x_wconf 85' lang='lat' dir='ltr'><strong>et</strong></span> <span class='ocrx_word' id='word_1_13' title='bbox 1749 909 1803 986; x_wconf 88' lang='lat' dir='ltr'><strong>in·</strong></span> 
     </span>
     <span class='ocr_line' id='line_1_3' title="bbox 276 1023 1801 1130; baseline 0.003 -26"><span class='ocrx_word' id='word_1_14' title='bbox 276 1027 461 1130; x_wconf 79' lang='lat' dir='ltr'><strong>geniorum</strong></span> <span class='ocrx_word' id='word_1_15' title='bbox 482 1023 780 1126; x_wconf 72' lang='lat' dir='ltr'>disquisitionem,</span> <span class='ocrx_word' id='word_1_16' title='bbox 801 1047 956 1126; x_wconf 90' lang='lat' dir='ltr'><strong>eumque</strong></span> <span class='ocrx_word' id='word_1_17' title='bbox 974 1025 1124 1126; x_wconf 85' lang='lat' dir='ltr'><strong>dignum</strong></span> <span class='ocrx_word' id='word_1_18' title='bbox 1142 1025 1268 1118; x_wconf 64' lang='lat' dir='ltr'><strong>hebd,</strong></span> <span class='ocrx_word' id='word_1_19' title='bbox 1291 1028 1355 1129; x_wconf 89' lang='lat' dir='ltr'><strong>qui</strong></span> <span class='ocrx_word' id='word_1_20' title='bbox 1372 1027 1527 1128; x_wconf 79' lang='lat' dir='ltr'><strong>proemio</strong></span> <span class='ocrx_word' id='word_1_21' title='bbox 1545 1027 1801 1108; x_wconf 82' lang='lat' dir='ltr'><strong>condecoretur.</strong></span> 
     </span>
    </p>

    <p class='ocr_par' dir='ltr' id='par_1_3' title="bbox 278 1143 1804 1356">
     <span class='ocr_line' id='line_1_4' title="bbox 323 1143 1804 1248; baseline 0.002 -23"><span class='ocrx_word' id='word_1_22' title='bbox 323 1147 459 1246; x_wconf 79' lang='lat' dir='ltr'><strong>Aperte</strong></span> <span class='ocrx_word' id='word_1_23' title='bbox 488 1144 625 1222; x_wconf 84' lang='lat' dir='ltr'><strong>scidule</strong></span> <span class='ocrx_word' id='word_1_24' title='bbox 654 1151 693 1221; x_wconf 90' lang='lat' dir='ltr'><strong>et</strong></span> <span class='ocrx_word' id='word_1_25' title='bbox 715 1143 921 1244; x_wconf 68' lang='lat' dir='ltr'><strong>probatione</strong></span> <span class='ocrx_word' id='word_1_26' title='bbox 946 1144 1129 1236; x_wconf 82' lang='lat' dir='ltr'><strong>institute,</strong></span> <span class='ocrx_word' id='word_1_27' title='bbox 1153 1146 1356 1246; x_wconf 67' lang='lat' dir='ltr'><strong>scriptorem</strong></span> <span class='ocrx_word' id='word_1_28' title='bbox 1376 1171 1452 1226; x_wconf 83' lang='lat' dir='ltr'><strong>csse</strong></span> <span class='ocrx_word' id='word_1_29' title='bbox 1475 1147 1592 1248; x_wconf 85' lang='lat' dir='ltr'><strong>potuit</strong></span> <span class='ocrx_word' id='word_1_30' title='bbox 1609 1167 1804 1228; x_wconf 75' lang='lat' dir='ltr'><strong>curcum</strong></span> 
     </span>
     <span class='ocr_line' id='line_1_5' title="bbox 278 1261 1800 1356; baseline 0.003 -12"><span class='ocrx_word' id='word_1_31' title='bbox 278 1287 473 1344; x_wconf 76' lang='lat' dir='ltr'><strong>mmourr</strong></span> <span class='ocrx_word' id='word_1_32' title='bbox 481 1261 1542 1356; x_wconf 74' lang='lat' dir='ltr'><strong>wnouuens‚ldodicinueindesdemioRbeno·Tmiootins</strong></span> <span class='ocrx_word' id='word_1_33' title='bbox 1552 1266 1800 1349; x_wconf 75' lang='lat' dir='ltr'><strong>Geudidctum.</strong></span> 
     </span>
    </p>
   </div>
   <div class='ocr_carea' id='block_1_3' title="bbox 276 1501 1803 1962">
    <p class='ocr_par' dir='ltr' id='par_1_4' title="bbox 276 1501 1803 1845">
     <span class='ocr_line' id='line_1_6' title="bbox 324 1501 1802 1602; baseline 0.001 -20"><span class='ocrx_word' id='word_1_34' title='bbox 324 1505 375 1582; x_wconf 82' lang='lat' dir='ltr'><strong>lit</strong></span> <span class='ocrx_word' id='word_1_35' title='bbox 399 1504 471 1580; x_wconf 91' lang='lat' dir='ltr'><strong>iem</strong></span> <span class='ocrx_word' id='word_1_36' title='bbox 494 1509 537 1580; x_wconf 87' lang='lat' dir='ltr'><strong>tu</strong></span> <span class='ocrx_word' id='word_1_37' title='bbox 555 1502 721 1593; x_wconf 84' lang='lat' dir='ltr'><strong>uooedss,</strong></span> <span class='ocrx_word' id='word_1_38' title='bbox 757 1501 1053 1602; x_wconf 81' lang='lat' dir='ltr'><strong>pmestnntissime</strong></span> <span class='ocrx_word' id='word_1_39' title='bbox 1083 1525 1345 1586; x_wconf 71' lang='lat' dir='ltr'><strong>sesomires.</strong></span> <span class='ocrx_word' id='word_1_40' title='bbox 1389 1503 1702 1589; x_wconf 78' lang='lat' dir='ltr'><strong>Cemmenteb&#39;onis</strong></span> <span class='ocrx_word' id='word_1_41' title='bbox 1719 1513 1802 1584; x_wconf 85' lang='lat' dir='ltr'><strong>tuse</strong></span> 
     </span>
     <span class='ocr_line' id='line_1_7' title="bbox 276 1621 1803 1726; baseline 0.003 -26"><span class='ocrx_word' id='word_1_42' title='bbox 276 1630 524 1724; x_wconf 72' lang='lat' dir='ltr'><strong>argumentum</strong></span> <span class='ocrx_word' id='word_1_43' title='bbox 558 1645 664 1722; x_wconf 79' lang='lat' dir='ltr'><strong>greve</strong></span> <span class='ocrx_word' id='word_1_44' title='bbox 693 1629 748 1698; x_wconf 91' lang='lat' dir='ltr'><strong>est</strong></span> <span class='ocrx_word' id='word_1_45' title='bbox 771 1630 808 1698; x_wconf 87' lang='lat' dir='ltr'><strong>st</strong></span> <span class='ocrx_word' id='word_1_46' title='bbox 834 1621 984 1699; x_wconf 84' lang='lat' dir='ltr'><strong>difficile.</strong></span> <span class='ocrx_word' id='word_1_47' title='bbox 1033 1623 1129 1700; x_wconf 88' lang='lat' dir='ltr'><strong>Nem</strong></span> <span class='ocrx_word' id='word_1_48' title='bbox 1152 1623 1336 1703; x_wconf 82' lang='lat' dir='ltr'><strong>elebomsti</strong></span> <span class='ocrx_word' id='word_1_49' title='bbox 1355 1623 1394 1700; x_wconf 91' lang='lat' dir='ltr'><strong>in</strong></span> <span class='ocrx_word' id='word_1_50' title='bbox 1417 1624 1641 1724; x_wconf 74' lang='lat' dir='ltr'><strong>quaestions,</strong></span> <span class='ocrx_word' id='word_1_51' title='bbox 1666 1625 1711 1702; x_wconf 89' lang='lat' dir='ltr'><strong>de</strong></span> <span class='ocrx_word' id='word_1_52' title='bbox 1731 1643 1803 1726; x_wconf 80' lang='lat' dir='ltr'><strong>qus</strong></span> 
     </span>
     <span class='ocr_line' id='line_1_8' title="bbox 276 1741 1158 1845; baseline 0.003 -26"><span class='ocrx_word' id='word_1_53' title='bbox 276 1743 449 1845; x_wconf 85' lang='lat' dir='ltr'><strong>principes</strong></span> <span class='ocrx_word' id='word_1_54' title='bbox 470 1743 535 1820; x_wconf 83' lang='lat' dir='ltr'><strong>visi</strong></span> <span class='ocrx_word' id='word_1_55' title='bbox 557 1742 596 1818; x_wconf 91' lang='lat' dir='ltr'><strong>in</strong></span> <span class='ocrx_word' id='word_1_56' title='bbox 620 1741 775 1821; x_wconf 77' lang='lat' dir='ltr'><strong>diuersus</strong></span> <span class='ocrx_word' id='word_1_57' title='bbox 799 1741 932 1819; x_wconf 82' lang='lat' dir='ltr'><strong>obeunt</strong></span> <span class='ocrx_word' id='word_1_58' title='bbox 956 1743 1158 1822; x_wconf 82' lang='lat' dir='ltr'><strong>sententies.</strong></span> 
     </span>
    </p>

    <p class='ocr_par' dir='ltr' id='par_1_5' title="bbox 324 1861 1800 1962">
     <span class='ocr_line' id='line_1_9' title="bbox 324 1861 1800 1962; baseline 0.001 -22"><span class='ocrx_word' id='word_1_59' title='bbox 324 1863 425 1940; x_wconf 85' lang='lat' dir='ltr'><strong>Nihil</strong></span> <span class='ocrx_word' id='word_1_60' title='bbox 455 1863 577 1962; x_wconf 82' lang='lat' dir='ltr'><strong>iteque</strong></span> <span class='ocrx_word' id='word_1_61' title='bbox 603 1863 734 1938; x_wconf 87' lang='lat' dir='ltr'><strong>mirum</strong></span> <span class='ocrx_word' id='word_1_62' title='bbox 762 1883 838 1938; x_wconf 85' lang='lat' dir='ltr'><strong>rem</strong></span> <span class='ocrx_word' id='word_1_63' title='bbox 867 1887 890 1938; x_wconf 87' lang='grc' dir='ltr'><strong>ιι</strong></span> <span class='ocrx_word' id='word_1_64' title='bbox 920 1869 957 1938; x_wconf 89' lang='lat' dir='ltr'><strong>te</strong></span> <span class='ocrx_word' id='word_1_65' title='bbox 980 1885 1052 1938; x_wconf 92' lang='lat' dir='ltr'><strong>non</strong></span> <span class='ocrx_word' id='word_1_66' title='bbox 1071 1887 1114 1938; x_wconf 90' lang='lat' dir='ltr'><strong>eo</strong></span> <span class='ocrx_word' id='word_1_67' title='bbox 1138 1861 1327 1940; x_wconf 61' lang='lat' dir='ltr'><strong>dductsm</strong></span> <span class='ocrx_word' id='word_1_68' title='bbox 1349 1885 1448 1953; x_wconf 87' lang='lat' dir='ltr'><strong>esso,</strong></span> <span class='ocrx_word' id='word_1_69' title='bbox 1473 1867 1515 1938; x_wconf 87' lang='lat' dir='ltr'><strong>ut</strong></span> <span class='ocrx_word' id='word_1_70' title='bbox 1536 1861 1664 1940; x_wconf 89' lang='lat' dir='ltr'><strong>Ordini</strong></span> <span class='ocrx_word' id='word_1_71' title='bbox 1685 1861 1800 1942; x_wconf 87' lang='lat' dir='ltr'><strong>Medi·</strong></span> 
     </span>
    </p>
   </div>
   <div class='ocr_carea' id='block_1_4' title="bbox 132 1979 1802 2194">
    <p class='ocr_par' dir='ltr' id='par_1_6' title="bbox 132 1979 1802 2194">
     <span class='ocr_line' id='line_1_10' title="bbox 132 1979 1802 2082; baseline -0.001 -22"><span class='ocrx_word' id='word_1_72' title='bbox 132 2045 135 2049; x_wconf 87' lang='lat'><em>.</em></span> <span class='ocrx_word' id='word_1_73' title='bbox 276 2007 396 2060; x_wconf 86' lang='lat' dir='ltr'><strong>corum</strong></span> <span class='ocrx_word' id='word_1_74' title='bbox 424 2007 568 2082; x_wconf 83' lang='lat' dir='ltr'><strong>prorsus</strong></span> <span class='ocrx_word' id='word_1_75' title='bbox 598 1980 814 2060; x_wconf 86' lang='lat' dir='ltr'><strong>setisieoeris.</strong></span> <span class='ocrx_word' id='word_1_76' title='bbox 863 1979 1114 2057; x_wconf 69' lang='lat' dir='ltr'><strong>Verumtamen</strong></span> <span class='ocrx_word' id='word_1_77' title='bbox 1145 1981 1211 2058; x_wconf 90' lang='lat' dir='ltr'><strong>boo</strong></span> <span class='ocrx_word' id='word_1_78' title='bbox 1237 1979 1306 2072; x_wconf 75' lang='lat' dir='ltr'><strong>tibi</strong></span> <span class='ocrx_word' id='word_1_79' title='bbox 1335 1980 1435 2058; x_wconf 84' lang='lat' dir='ltr'><strong>sslde</strong></span> <span class='ocrx_word' id='word_1_80' title='bbox 1471 1981 1702 2058; x_wconf 87' lang='lat' dir='ltr'><strong>honorificum</strong></span> <span class='ocrx_word' id='word_1_81' title='bbox 1727 1990 1802 2073; x_wconf 86' lang='lat' dir='ltr'><strong>est,</strong></span> 
     </span>
     <span class='ocr_line' id='line_1_11' title="bbox 174 2099 1801 2194; baseline 0 -14"><span class='ocrx_word' id='word_1_82' title='bbox 174 2149 182 2164; x_wconf 89' lang='lat'><strong>·</strong></span> <span class='ocrx_word' id='word_1_83' title='bbox 275 2101 369 2181; x_wconf 86' lang='lat' dir='ltr'><strong>buno</strong></span> <span class='ocrx_word' id='word_1_84' title='bbox 399 2101 593 2194; x_wconf 85' lang='lat' dir='ltr'><strong>Ordinem,</strong></span> <span class='ocrx_word' id='word_1_85' title='bbox 624 2101 758 2180; x_wconf 70' lang='grc' dir='ltr'><strong>1ἰιιι1ι</strong></span> <span class='ocrx_word' id='word_1_86' title='bbox 790 2109 828 2180; x_wconf 83' lang='lat' dir='ltr'><strong>te</strong></span> <span class='ocrx_word' id='word_1_87' title='bbox 860 2099 1144 2191; x_wconf 72' lang='lat' dir='ltr'><strong>dissentientem,</strong></span> <span class='ocrx_word' id='word_1_88' title='bbox 1172 2121 1295 2178; x_wconf 84' lang='lat' dir='ltr'><strong>cruere</strong></span> <span class='ocrx_word' id='word_1_89' title='bbox 1326 2106 1445 2178; x_wconf 86' lang='lat' dir='ltr'><strong>temen</strong></span> <span class='ocrx_word' id='word_1_90' title='bbox 1473 2101 1801 2180; x_wconf 84' lang='lat' dir='ltr'><strong>commentetiouem</strong></span> 
     </span>
    </p>
   </div>
   <div class='ocr_carea' id='block_1_5' title="bbox 275 2219 1803 2799">
    <p class='ocr_par' dir='ltr' id='par_1_7' title="bbox 275 2219 1803 2799">
     <span class='ocr_line' id='line_1_12' title="bbox 275 2219 1802 2322; baseline -0.001 -23"><span class='ocrx_word' id='word_1_91' title='bbox 275 2230 373 2299; x_wconf 84' lang='lat' dir='ltr'><strong>tuem</strong></span> <span class='ocrx_word' id='word_1_92' title='bbox 404 2221 471 2298; x_wconf 83' lang='lat' dir='ltr'><strong>hcc</strong></span> <span class='ocrx_word' id='word_1_93' title='bbox 499 2245 605 2300; x_wconf 87' lang='lat' dir='ltr'><strong>enreo</strong></span> <span class='ocrx_word' id='word_1_94' title='bbox 640 2221 794 2322; x_wconf 83' lang='lat' dir='ltr'><strong>proemio</strong></span> <span class='ocrx_word' id='word_1_95' title='bbox 827 2219 1031 2297; x_wconf 84' lang='lat' dir='ltr'><strong>decrevisse.</strong></span> <span class='ocrx_word' id='word_1_96' title='bbox 1086 2219 1225 2297; x_wconf 78' lang='lat' dir='ltr'><strong>Scilicet</strong></span> <span class='ocrx_word' id='word_1_97' title='bbox 1259 2219 1420 2296; x_wconf 83' lang='lat' dir='ltr'><strong>viderunt</strong></span> <span class='ocrx_word' id='word_1_98' title='bbox 1452 2227 1489 2296; x_wconf 85' lang='lat' dir='ltr'><strong>te</strong></span> <span class='ocrx_word' id='word_1_99' title='bbox 1521 2220 1587 2298; x_wconf 85' lang='lat' dir='ltr'><strong>viri</strong></span> <span class='ocrx_word' id='word_1_100' title='bbox 1620 2219 1802 2298; x_wconf 82' lang='lat' dir='ltr'><strong>clusissimi</strong></span> 
     </span>
     <span class='ocr_line' id='line_1_13' title="bbox 275 2336 1803 2449; baseline 0 -31"><span class='ocrx_word' id='word_1_101' title='bbox 275 2341 366 2418; x_wconf 85' lang='lat' dir='ltr'><strong>iuste</strong></span> <span class='ocrx_word' id='word_1_102' title='bbox 396 2339 453 2449; x_wconf 76' lang='lat' dir='ltr'><strong>vit</strong></span> <span class='ocrx_word' id='word_1_103' title='bbox 481 2341 780 2442; x_wconf 85' lang='lat' dir='ltr'><strong>progredientem,</strong></span> <span class='ocrx_word' id='word_1_104' title='bbox 804 2364 895 2440; x_wconf 79' lang='lat' dir='ltr'><strong>qume</strong></span> <span class='ocrx_word' id='word_1_105' title='bbox 916 2338 955 2415; x_wconf 90' lang='lat' dir='ltr'><strong>in</strong></span> <span class='ocrx_word' id='word_1_106' title='bbox 973 2336 1170 2439; x_wconf 86' lang='lat' dir='ltr'><strong>disciplinis</strong></span> <span class='ocrx_word' id='word_1_107' title='bbox 1185 2337 1340 2440; x_wconf 84' lang='lat' dir='ltr'><strong>physicis</strong></span> <span class='ocrx_word' id='word_1_108' title='bbox 1363 2346 1400 2416; x_wconf 90' lang='lat' dir='ltr'><strong>et</strong></span> <span class='ocrx_word' id='word_1_109' title='bbox 1421 2338 1549 2416; x_wconf 82' lang='lat' dir='ltr'><strong>idcirco</strong></span> <span class='ocrx_word' id='word_1_110' title='bbox 1569 2340 1608 2414; x_wconf 88' lang='lat' dir='ltr'><strong>in</strong></span> <span class='ocrx_word' id='word_1_111' title='bbox 1630 2339 1803 2418; x_wconf 81' lang='lat' dir='ltr'><strong>medicine</strong></span> 
     </span>
     <span class='ocr_line' id='line_1_14' title="bbox 276 2454 1802 2562; baseline -0.001 -24"><span class='ocrx_word' id='word_1_112' title='bbox 276 2485 438 2562; x_wconf 87' lang='lat' dir='ltr'><strong>quoque,</strong></span> <span class='ocrx_word' id='word_1_113' title='bbox 471 2461 504 2538; x_wconf 90' lang='lat' dir='ltr'><strong>si</strong></span> <span class='ocrx_word' id='word_1_114' title='bbox 532 2486 604 2538; x_wconf 92' lang='lat' dir='ltr'><strong>nou</strong></span> <span class='ocrx_word' id='word_1_115' title='bbox 633 2461 820 2551; x_wconf 77' lang='grc' dir='ltr'>ιοιιιίιιιιο,</span> <span class='ocrx_word' id='word_1_116' title='bbox 851 2465 890 2535; x_wconf 90' lang='lat' dir='ltr'><strong>et</strong></span> <span class='ocrx_word' id='word_1_117' title='bbox 918 2457 1048 2536; x_wconf 86' lang='lat' dir='ltr'><strong>sens&#39;un</strong></span> <span class='ocrx_word' id='word_1_118' title='bbox 1069 2458 1308 2558; x_wconf 72' lang='lat' dir='ltr'><strong>pedetimque</strong></span> <span class='ocrx_word' id='word_1_119' title='bbox 1336 2454 1383 2538; x_wconf 77' lang='lat' dir='ltr'><strong>id</strong></span> <span class='ocrx_word' id='word_1_120' title='bbox 1412 2482 1533 2536; x_wconf 84' lang='lat' dir='ltr'><strong>rorum</strong></span> <span class='ocrx_word' id='word_1_121' title='bbox 1551 2458 1802 2536; x_wconf 85' lang='lat' dir='ltr'><strong>inveniendum</strong></span> 
     </span>
     <span class='ocr_line' id='line_1_15' title="bbox 276 2576 1800 2680; baseline -0.001 -22"><span class='ocrx_word' id='word_1_122' title='bbox 276 2581 382 2658; x_wconf 86' lang='lat' dir='ltr'><strong>ducit.</strong></span> <span class='ocrx_word' id='word_1_123' title='bbox 430 2581 490 2658; x_wconf 86' lang='lat' dir='ltr'><strong>Ab</strong></span> <span class='ocrx_word' id='word_1_124' title='bbox 523 2580 589 2658; x_wconf 81' lang='lat' dir='ltr'><strong>bec</strong></span> <span class='ocrx_word' id='word_1_125' title='bbox 620 2580 677 2659; x_wconf 85' lang='lat' dir='ltr'><strong>siu</strong></span> <span class='ocrx_word' id='word_1_126' title='bbox 704 2577 991 2680; x_wconf 84' lang='lat' dir='ltr'><strong>diligentissimus</strong></span> <span class='ocrx_word' id='word_1_127' title='bbox 1016 2576 1295 2679; x_wconf 73' lang='lat' dir='ltr'><strong>investigationis</strong></span> <span class='ocrx_word' id='word_1_128' title='bbox 1319 2601 1364 2654; x_wconf 89' lang='lat' dir='ltr'><strong>ne</strong></span> <span class='ocrx_word' id='word_1_129' title='bbox 1388 2599 1558 2678; x_wconf 85' lang='lat' dir='ltr'><strong>umquem</strong></span> <span class='ocrx_word' id='word_1_130' title='bbox 1580 2577 1742 2656; x_wconf 78' lang='lat' dir='ltr'><strong>dedoctus</strong></span> <span class='ocrx_word' id='word_1_131' title='bbox 1762 2585 1800 2656; x_wconf 90' lang='lat' dir='ltr'><strong>et</strong></span> 
     </span>
     <span class='ocr_line' id='line_1_16' title="bbox 275 2697 1558 2799; baseline 0.001 -22"><span class='ocrx_word' id='word_1_132' title='bbox 275 2700 340 2777; x_wconf 88' lang='lat' dir='ltr'><strong>ulie</strong></span> <span class='ocrx_word' id='word_1_133' title='bbox 361 2708 399 2777; x_wconf 87' lang='lat' dir='ltr'><strong>te</strong></span> <span class='ocrx_word' id='word_1_134' title='bbox 416 2709 581 2777; x_wconf 83' lang='lat' dir='ltr'><strong>monecnt</strong></span> <span class='ocrx_word' id='word_1_135' title='bbox 603 2708 639 2778; x_wconf 91' lang='lat' dir='ltr'><strong>et</strong></span> <span class='ocrx_word' id='word_1_136' title='bbox 662 2723 743 2776; x_wconf 87' lang='lat' dir='ltr'><strong>vero</strong></span> <span class='ocrx_word' id='word_1_137' title='bbox 762 2698 932 2798; x_wconf 86' lang='lat' dir='ltr'><strong>insignis,</strong></span> <span class='ocrx_word' id='word_1_138' title='bbox 954 2697 1020 2798; x_wconf 89' lang='lat' dir='ltr'><strong>qui</strong></span> <span class='ocrx_word' id='word_1_139' title='bbox 1040 2697 1108 2774; x_wconf 93' lang='lat' dir='ltr'><strong>tibi</strong></span> <span class='ocrx_word' id='word_1_140' title='bbox 1130 2697 1235 2774; x_wconf 89' lang='lat' dir='ltr'><strong>bodie</strong></span> <span class='ocrx_word' id='word_1_141' title='bbox 1263 2697 1414 2799; x_wconf 82' lang='lat' dir='ltr'><strong>obtigit,</strong></span> <span class='ocrx_word' id='word_1_142' title='bbox 1436 2697 1558 2779; x_wconf 84' lang='lat' dir='ltr'><strong>bonos.</strong></span> 
     </span>
    </p>
   </div>
   <div class='ocr_carea' id='block_1_6' title="bbox 274 2901 1799 3157">
    <p class='ocr_par' dir='ltr' id='par_1_8' title="bbox 274 2901 1799 3157">
     <span class='ocr_line' id='line_1_17' title="bbox 321 2901 1799 3038; baseline -0.002 -23"><span class='ocrx_word' id='word_1_143' title='bbox 321 2939 463 3015; x_wconf 74' lang='lat' dir='ltr'><strong>deito</strong></span> <span class='ocrx_word' id='word_1_144' title='bbox 491 2946 575 3014; x_wconf 90' lang='lat' dir='ltr'><strong>sunt</strong></span> <span class='ocrx_word' id='word_1_145' title='bbox 601 2937 764 3037; x_wconf 85' lang='lat' dir='ltr'><strong>proemio.</strong></span> <span class='ocrx_word' id='word_1_146' title='bbox 813 2936 990 3036; x_wconf 85' lang='lat' dir='ltr'><strong>Equidem</strong></span> <span class='ocrx_word' id='word_1_147' title='bbox 1020 2935 1187 3012; x_wconf 82' lang='lat' dir='ltr'><strong>leudibus</strong></span> <span class='ocrx_word' id='word_1_148' title='bbox 1221 2901 1446 3038; x_wconf 23' lang='lat' dir='ltr'><strong>egregiorum*</strong></span> <span class='ocrx_word' id='word_1_149' title='bbox 1470 2937 1638 3014; x_wconf 86' lang='lat' dir='ltr'><strong>iuvenum</strong></span> <span class='ocrx_word' id='word_1_150' title='bbox 1663 2934 1799 3037; x_wconf 84' lang='lat' dir='ltr'><strong>proedi-</strong></span> 
     </span>
     <span class='ocr_line' id='line_1_18' title="bbox 274 3053 1799 3157; baseline -0.002 -22"><span class='ocrx_word' id='word_1_151' title='bbox 274 3058 390 3135; x_wconf 87' lang='lat' dir='ltr'><strong>csndis</strong></span> <span class='ocrx_word' id='word_1_152' title='bbox 425 3057 511 3135; x_wconf 90' lang='lat' dir='ltr'><strong>ulios</strong></span> <span class='ocrx_word' id='word_1_153' title='bbox 549 3057 696 3135; x_wconf 83' lang='lat' dir='ltr'><strong>fortusse</strong></span> <span class='ocrx_word' id='word_1_154' title='bbox 730 3055 847 3133; x_wconf 89' lang='lat' dir='ltr'><strong>dolore</strong></span> <span class='ocrx_word' id='word_1_155' title='bbox 880 3055 999 3147; x_wconf 79' lang='lat' dir='ltr'><strong>effeci,</strong></span> <span class='ocrx_word' id='word_1_156' title='bbox 1030 3056 1061 3133; x_wconf 90' lang='lat' dir='ltr'><strong>si</strong></span> <span class='ocrx_word' id='word_1_157' title='bbox 1096 3056 1178 3157; x_wconf 90' lang='lat' dir='ltr'><strong>qui,</strong></span> <span class='ocrx_word' id='word_1_158' title='bbox 1210 3056 1293 3135; x_wconf 86' lang='lat' dir='ltr'><strong>victi</strong></span> <span class='ocrx_word' id='word_1_159' title='bbox 1332 3055 1371 3131; x_wconf 92' lang='lat' dir='ltr'><strong>in</strong></span> <span class='ocrx_word' id='word_1_160' title='bbox 1410 3055 1598 3133; x_wconf 81' lang='lat' dir='ltr'><strong>certamine</strong></span> <span class='ocrx_word' id='word_1_161' title='bbox 1627 3053 1799 3145; x_wconf 72' lang='lat' dir='ltr'><strong>decdo,</strong></span> 
     </span>
    </p>
   </div>
   <div class='ocr_carea' id='block_1_7' title="bbox 274 3175 1906 3276">
    <p class='ocr_par' dir='ltr' id='par_1_9' title="bbox 274 3175 1906 3276">
     <span class='ocr_line' id='line_1_19' title="bbox 274 3175 1906 3276; baseline -0.006 -21"><span class='ocrx_word' id='word_1_162' title='bbox 274 3178 327 3255; x_wconf 88' lang='lat' dir='ltr'><strong>his</strong></span> <span class='ocrx_word' id='word_1_163' title='bbox 349 3179 514 3255; x_wconf 84' lang='lat' dir='ltr'><strong>intersint</strong></span> <span class='ocrx_word' id='word_1_164' title='bbox 539 3178 750 3255; x_wconf 87' lang='lat' dir='ltr'><strong>solennibus.</strong></span> <span class='ocrx_word' id='word_1_165' title='bbox 800 3178 840 3253; x_wconf 80' lang='lat' dir='ltr'><strong>Si</strong></span> <span class='ocrx_word' id='word_1_166' title='bbox 864 3185 1022 3255; x_wconf 82' lang='lat' dir='ltr'><strong>moneret</strong></span> <span class='ocrx_word' id='word_1_167' title='bbox 1044 3176 1107 3261; x_wconf 83' lang='lat' dir='ltr'><strong>ille</strong></span> <span class='ocrx_word' id='word_1_168' title='bbox 1130 3176 1229 3255; x_wconf 88' lang='lat' dir='ltr'><strong>dolor</strong></span> <span class='ocrx_word' id='word_1_169' title='bbox 1262 3203 1307 3257; x_wconf 82' lang='lat' dir='ltr'><strong>ex</strong></span> <span class='ocrx_word' id='word_1_170' title='bbox 1330 3176 1479 3267; x_wconf 79' lang='lat' dir='ltr'><strong>invidio,</strong></span> <span class='ocrx_word' id='word_1_171' title='bbox 1512 3201 1558 3253; x_wconf 90' lang='lat' dir='ltr'><strong>no</strong></span> <span class='ocrx_word' id='word_1_172' title='bbox 1585 3198 1697 3255; x_wconf 89' lang='lat' dir='ltr'><strong>unum</strong></span> <span class='ocrx_word' id='word_1_173' title='bbox 1721 3175 1799 3276; x_wconf 91' lang='lat' dir='ltr'><strong>qui·</strong></span> <span class='ocrx_word' id='word_1_174' title='bbox 1896 3230 1906 3245; x_wconf 87' lang='lat'>.</span> 
     </span>
    </p>
   </div>
   <div class='ocr_carea' id='block_1_8' title="bbox 272 3294 1798 4357">
    <p class='ocr_par' dir='ltr' id='par_1_10' title="bbox 273 3294 1798 3975">
     <span class='ocr_line' id='line_1_20' title="bbox 275 3294 1798 3398; baseline -0.002 -22"><span class='ocrx_word' id='word_1_175' title='bbox 275 3298 353 3376; x_wconf 89' lang='lat' dir='ltr'><strong>dem</strong></span> <span class='ocrx_word' id='word_1_176' title='bbox 387 3324 433 3376; x_wconf 81' lang='lat' dir='ltr'><strong>ex</strong></span> <span class='ocrx_word' id='word_1_177' title='bbox 471 3300 537 3377; x_wconf 84' lang='lat' dir='ltr'><strong>bec</strong></span> <span class='ocrx_word' id='word_1_178' title='bbox 568 3298 733 3377; x_wconf 84' lang='lat' dir='ltr'><strong>uctbedrs</strong></span> <span class='ocrx_word' id='word_1_179' title='bbox 761 3296 907 3373; x_wconf 84' lang='lat' dir='ltr'><strong>verbum</strong></span> <span class='ocrx_word' id='word_1_180' title='bbox 938 3297 973 3373; x_wconf 87' lang='lat' dir='ltr'><strong>ci</strong></span> <span class='ocrx_word' id='word_1_181' title='bbox 1005 3316 1226 3398; x_wconf 85' lang='lat' dir='ltr'><strong>opponerem</strong></span> <span class='ocrx_word' id='word_1_182' title='bbox 1277 3296 1349 3373; x_wconf 83' lang='lat' dir='ltr'><strong>Sed</strong></span> <span class='ocrx_word' id='word_1_183' title='bbox 1380 3294 1519 3373; x_wconf 81' lang='lat' dir='ltr'><strong>obviem</strong></span> <span class='ocrx_word' id='word_1_184' title='bbox 1553 3298 1713 3375; x_wconf 88' lang='lat' dir='ltr'><strong>eundum</strong></span> <span class='ocrx_word' id='word_1_185' title='bbox 1742 3300 1798 3373; x_wconf 85' lang='lat' dir='ltr'><strong>est</strong></span> 
     </span>
     <span class='ocr_line' id='line_1_21' title="bbox 273 3415 1797 3518; baseline -0.002 -22"><span class='ocrx_word' id='word_1_186' title='bbox 273 3417 380 3496; x_wconf 87' lang='lat' dir='ltr'><strong>dolori</strong></span> <span class='ocrx_word' id='word_1_187' title='bbox 404 3444 449 3493; x_wconf 85' lang='lat' dir='ltr'><strong>ex</strong></span> <span class='ocrx_word' id='word_1_188' title='bbox 475 3418 636 3518; x_wconf 89' lang='lat' dir='ltr'><strong>opinione</strong></span> <span class='ocrx_word' id='word_1_189' title='bbox 660 3419 705 3495; x_wconf 89' lang='lat' dir='ltr'><strong>de</strong></span> <span class='ocrx_word' id='word_1_190' title='bbox 728 3418 845 3495; x_wconf 86' lang='lat' dir='ltr'><strong>lebore</strong></span> <span class='ocrx_word' id='word_1_191' title='bbox 878 3417 1007 3495; x_wconf 82' lang='lat' dir='ltr'><strong>frustm</strong></span> <span class='ocrx_word' id='word_1_192' title='bbox 1036 3423 1218 3518; x_wconf 86' lang='lat' dir='ltr'><strong>susceptu,</strong></span> <span class='ocrx_word' id='word_1_193' title='bbox 1255 3416 1301 3491; x_wconf 87' lang='lat' dir='ltr'><strong>de</strong></span> <span class='ocrx_word' id='word_1_194' title='bbox 1337 3415 1431 3493; x_wconf 81' lang='lat' dir='ltr'><strong>iectu</strong></span> <span class='ocrx_word' id='word_1_195' title='bbox 1462 3416 1629 3517; x_wconf 86' lang='lat' dir='ltr'><strong>temporis</strong></span> <span class='ocrx_word' id='word_1_196' title='bbox 1663 3415 1797 3493; x_wconf 71' lang='lat' dir='ltr'><strong>iectura</strong></span> 
     </span>
     <span class='ocr_line' id='line_1_22' title="bbox 274 3533 1795 3635; baseline -0.002 -22"><span class='ocrx_word' id='word_1_197' title='bbox 274 3544 355 3615; x_wconf 87' lang='lat' dir='ltr'><strong>orto</strong></span> <span class='ocrx_word' id='word_1_198' title='bbox 404 3539 488 3613; x_wconf 88' lang='lat' dir='ltr'><strong>Nou</strong></span> <span class='ocrx_word' id='word_1_199' title='bbox 521 3538 649 3615; x_wconf 81' lang='lat' dir='ltr'><strong>frustra</strong></span> <span class='ocrx_word' id='word_1_200' title='bbox 680 3537 770 3615; x_wconf 82' lang='lat' dir='ltr'><strong>vires</strong></span> <span class='ocrx_word' id='word_1_201' title='bbox 803 3536 1025 3627; x_wconf 87' lang='lat' dir='ltr'><strong>intendistis,</strong></span> <span class='ocrx_word' id='word_1_202' title='bbox 1051 3536 1205 3627; x_wconf 87' lang='lat' dir='ltr'><strong>oboni,</strong></span> <span class='ocrx_word' id='word_1_203' title='bbox 1236 3535 1382 3613; x_wconf 77' lang='lat' dir='ltr'><strong>acuistis</strong></span> <span class='ocrx_word' id='word_1_204' title='bbox 1411 3535 1613 3635; x_wconf 79' lang='lat' dir='ltr'><strong>ingenium,</strong></span> <span class='ocrx_word' id='word_1_205' title='bbox 1647 3533 1795 3611; x_wconf 76' lang='lat' dir='ltr'><strong>emistis</strong></span> 
     </span>
     <span class='ocr_line' id='line_1_23' title="bbox 273 3653 1794 3760; baseline -0.005 -25"><span class='ocrx_word' id='word_1_206' title='bbox 273 3658 550 3760; x_wconf 79' lang='lat' dir='ltr'><strong>gessissimerum</strong></span> <span class='ocrx_word' id='word_1_207' title='bbox 578 3682 698 3736; x_wconf 82' lang='lat' dir='ltr'><strong>rerum</strong></span> <span class='ocrx_word' id='word_1_208' title='bbox 730 3657 932 3747; x_wconf 86' lang='lat' dir='ltr'><strong>scientium,</strong></span> <span class='ocrx_word' id='word_1_209' title='bbox 968 3656 1170 3736; x_wconf 82' lang='lat' dir='ltr'><strong>exercuistis</strong></span> <span class='ocrx_word' id='word_1_210' title='bbox 1201 3654 1382 3733; x_wconf 87' lang='lat' dir='ltr'><strong>iudicium</strong></span> <span class='ocrx_word' id='word_1_211' title='bbox 1431 3654 1577 3733; x_wconf 85' lang='lat' dir='ltr'><strong>Publice</strong></span> <span class='ocrx_word' id='word_1_212' title='bbox 1599 3653 1735 3731; x_wconf 77' lang='lat' dir='ltr'><strong>leudmi</strong></span> <span class='ocrx_word' id='word_1_213' title='bbox 1758 3659 1794 3730; x_wconf 89' lang='lat' dir='ltr'><strong>et</strong></span> 
     </span>
     <span class='ocr_line' id='line_1_24' title="bbox 274 3772 1792 3878; baseline -0.003 -24"><span class='ocrx_word' id='word_1_214' title='bbox 274 3778 409 3855; x_wconf 71' lang='lat' dir='ltr'><strong>vuum</strong></span> <span class='ocrx_word' id='word_1_215' title='bbox 440 3803 504 3878; x_wconf 87' lang='lat' dir='ltr'><strong>per</strong></span> <span class='ocrx_word' id='word_1_216' title='bbox 529 3794 599 3855; x_wconf 88' lang='lat' dir='ltr'><strong>ore</strong></span> <span class='ocrx_word' id='word_1_217' title='bbox 624 3778 737 3857; x_wconf 78' lang='grc' dir='ltr'>ιίιιιιιι</span> <span class='ocrx_word' id='word_1_218' title='bbox 767 3777 970 3857; x_wconf 87' lang='lat' dir='ltr'><strong>iucundum</strong></span> <span class='ocrx_word' id='word_1_219' title='bbox 992 3783 1070 3867; x_wconf 87' lang='lat' dir='ltr'><strong>est,</strong></span> <span class='ocrx_word' id='word_1_220' title='bbox 1102 3776 1165 3853; x_wconf 86' lang='lat' dir='ltr'><strong>sed</strong></span> <span class='ocrx_word' id='word_1_221' title='bbox 1196 3774 1457 3855; x_wconf 85' lang='lat' dir='ltr'><strong>beueieetorum</strong></span> <span class='ocrx_word' id='word_1_222' title='bbox 1480 3772 1708 3865; x_wconf 84' lang='lat' dir='ltr'><strong>oonsoiontic,</strong></span> <span class='ocrx_word' id='word_1_223' title='bbox 1732 3796 1792 3851; x_wconf 88' lang='lat' dir='ltr'><strong>me</strong></span> 
     </span>
     <span class='ocr_line' id='line_1_25' title="bbox 273 3898 1061 3988; baseline 0 -14"><span class='ocrx_word' id='word_1_224' title='bbox 273 3898 405 3988; x_wconf 88' lang='lat' dir='ltr'><strong>iudice,</strong></span> <span class='ocrx_word' id='word_1_225' title='bbox 427 3898 546 3975; x_wconf 85' lang='lat' dir='ltr'><strong>fructu</strong></span> <span class='ocrx_word' id='word_1_226' title='bbox 567 3905 604 3975; x_wconf 87' lang='lat' dir='ltr'><strong>st</strong></span> <span class='ocrx_word' id='word_1_227' title='bbox 622 3898 840 3975; x_wconf 73' lang='lat' dir='ltr'><strong>iucunditate</strong></span> <span class='ocrx_word' id='word_1_228' title='bbox 863 3922 934 3975; x_wconf 91' lang='lat' dir='ltr'><strong>uon</strong></span> <span class='ocrx_word' id='word_1_229' title='bbox 956 3904 1061 3975; x_wconf 80' lang='lat' dir='ltr'><strong>osset</strong></span> 
     </span>
    </p>

    <p class='ocr_par' dir='ltr' id='par_1_11' title="bbox 272 4014 1793 4357">
     <span class='ocr_line' id='line_1_26' title="bbox 316 4014 1793 4119; baseline -0.003 -26"><span class='ocrx_word' id='word_1_230' title='bbox 316 4018 442 4093; x_wconf 87' lang='lat' dir='ltr'><strong>Mense</strong></span> <span class='ocrx_word' id='word_1_231' title='bbox 462 4018 620 4119; x_wconf 86' lang='lat' dir='ltr'><strong>proximo</strong></span> <span class='ocrx_word' id='word_1_232' title='bbox 644 4019 726 4094; x_wconf 84' lang='lat' dir='ltr'><strong>nori</strong></span> <span class='ocrx_word' id='word_1_233' title='bbox 749 4017 947 4094; x_wconf 77' lang='lat' dir='ltr'><strong>certaminis</strong></span> <span class='ocrx_word' id='word_1_234' title='bbox 972 4018 1197 4117; x_wconf 87' lang='lat' dir='ltr'><strong>Progrcmme</strong></span> <span class='ocrx_word' id='word_1_235' title='bbox 1220 4014 1382 4105; x_wconf 72' lang='lat' dir='ltr'><strong>uffedm,</strong></span> <span class='ocrx_word' id='word_1_236' title='bbox 1414 4015 1512 4116; x_wconf 92' lang='lat' dir='ltr'><strong>quod</strong></span> <span class='ocrx_word' id='word_1_237' title='bbox 1535 4038 1558 4093; x_wconf 89' lang='lat' dir='ltr'><strong>s</strong></span> <span class='ocrx_word' id='word_1_238' title='bbox 1580 4014 1728 4093; x_wconf 81' lang='lat' dir='ltr'><strong>Reotore</strong></span> <span class='ocrx_word' id='word_1_239' title='bbox 1755 4018 1793 4089; x_wconf 91' lang='lat' dir='ltr'><strong>et</strong></span> 
     </span>
     <span class='ocr_line' id='line_1_27' title="bbox 273 4130 1791 4237; baseline -0.003 -25"><span class='ocrx_word' id='word_1_240' title='bbox 273 4136 401 4213; x_wconf 65' lang='lat' dir='ltr'><strong>&amp;netu</strong></span> <span class='ocrx_word' id='word_1_241' title='bbox 427 4137 653 4237; x_wconf 87' lang='lat' dir='ltr'><strong>Groninguno</strong></span> <span class='ocrx_word' id='word_1_242' title='bbox 683 4136 859 4215; x_wconf 90' lang='lat' dir='ltr'><strong>indicitur.</strong></span> <span class='ocrx_word' id='word_1_243' title='bbox 908 4130 1104 4236; x_wconf 77' lang='lat' dir='ltr'><strong>Diligenter</strong></span> <span class='ocrx_word' id='word_1_244' title='bbox 1127 4134 1221 4210; x_wconf 87' lang='lat' dir='ltr'><strong>illud</strong></span> <span class='ocrx_word' id='word_1_245' title='bbox 1242 4134 1434 4235; x_wconf 84' lang='lat' dir='ltr'><strong>inspicietis</strong></span> <span class='ocrx_word' id='word_1_246' title='bbox 1456 4135 1580 4227; x_wconf 88' lang='lat' dir='ltr'><strong>selim,</strong></span> <span class='ocrx_word' id='word_1_247' title='bbox 1604 4142 1640 4211; x_wconf 91' lang='lat' dir='ltr'><strong>ot</strong></span> <span class='ocrx_word' id='word_1_248' title='bbox 1663 4132 1791 4235; x_wconf 79' lang='lat' dir='ltr'><strong>puriter</strong></span> 
     </span>
     <span class='ocr_line' id='line_1_28' title="bbox 272 4251 1789 4357; baseline -0.003 -26"><span class='ocrx_word' id='word_1_249' title='bbox 272 4264 373 4357; x_wconf 84' lang='lat' dir='ltr'><strong>etque</strong></span> <span class='ocrx_word' id='word_1_250' title='bbox 400 4257 673 4347; x_wconf 87' lang='lat' dir='ltr'><strong>commilitones,</strong></span> <span class='ocrx_word' id='word_1_251' title='bbox 706 4263 881 4357; x_wconf 90' lang='lat' dir='ltr'><strong>quotquot</strong></span> <span class='ocrx_word' id='word_1_252' title='bbox 907 4256 1005 4333; x_wconf 87' lang='lat' dir='ltr'><strong>vobis</strong></span> <span class='ocrx_word' id='word_1_253' title='bbox 1034 4279 1105 4331; x_wconf 92' lang='lat' dir='ltr'><strong>non</strong></span> <span class='ocrx_word' id='word_1_254' title='bbox 1136 4253 1267 4331; x_wconf 89' lang='lat' dir='ltr'><strong>cedunt</strong></span> <span class='ocrx_word' id='word_1_255' title='bbox 1294 4254 1440 4344; x_wconf 84' lang='lat' dir='ltr'><strong>virtute,</strong></span> <span class='ocrx_word' id='word_1_256' title='bbox 1470 4253 1667 4331; x_wconf 86' lang='lat' dir='ltr'><strong>deliberetis</strong></span> <span class='ocrx_word' id='word_1_257' title='bbox 1701 4251 1789 4329; x_wconf 90' lang='lat' dir='ltr'><strong>serio</strong></span> 
     </span>
    </p>
   </div>
   <div class='ocr_carea' id='block_1_9' title="bbox 271 4370 1916 4479">
    <p class='ocr_par' dir='ltr' id='par_1_12' title="bbox 271 4370 1916 4479">
     <span class='ocr_line' id='line_1_29' title="bbox 271 4370 1916 4479; baseline -0.002 -30"><span class='ocrx_word' id='word_1_258' title='bbox 271 4398 354 4452; x_wconf 89' lang='lat' dir='ltr'><strong>num</strong></span> <span class='ocrx_word' id='word_1_259' title='bbox 381 4375 471 4452; x_wconf 82' lang='lat' dir='ltr'><strong>forte</strong></span> <span class='ocrx_word' id='word_1_260' title='bbox 490 4400 616 4453; x_wconf 77' lang='lat' dir='ltr'><strong>menum</strong></span> <span class='ocrx_word' id='word_1_261' title='bbox 638 4378 736 4479; x_wconf 86' lang='lat' dir='ltr'><strong>operi</strong></span> <span class='ocrx_word' id='word_1_262' title='bbox 759 4377 805 4453; x_wconf 89' lang='lat' dir='ltr'><strong>sit</strong></span> <span class='ocrx_word' id='word_1_263' title='bbox 825 4374 1059 4465; x_wconf 87' lang='lat' dir='ltr'><strong>cdmoseude,</strong></span> <span class='ocrx_word' id='word_1_264' title='bbox 1083 4381 1124 4451; x_wconf 90' lang='lat' dir='ltr'><strong>ut</strong></span> <span class='ocrx_word' id='word_1_265' title='bbox 1150 4372 1385 4475; x_wconf 86' lang='lat' dir='ltr'><strong>Groningenis</strong></span> <span class='ocrx_word' id='word_1_266' title='bbox 1410 4380 1567 4451; x_wconf 77' lang='lat' dir='ltr'><strong>constare</strong></span> <span class='ocrx_word' id='word_1_267' title='bbox 1593 4378 1717 4475; x_wconf 88' lang='lat' dir='ltr'><strong>perget</strong></span> <span class='ocrx_word' id='word_1_268' title='bbox 1742 4370 1786 4447; x_wconf 92' lang='lat' dir='ltr'><strong>de</strong></span> <span class='ocrx_word' id='word_1_269' title='bbox 1911 4457 1916 4467; x_wconf 40' lang='grc'>,</span> 
     </span>
    </p>
   </div>
   <div class='ocr_carea' id='block_1_10' title="bbox 270 4494 1055 4599">
    <p class='ocr_par' dir='ltr' id='par_1_13' title="bbox 270 4494 1055 4599">
     <span class='ocr_line' id='line_1_30' title="bbox 270 4494 1055 4599; baseline -0.004 -27"><span class='ocrx_word' id='word_1_270' title='bbox 270 4494 538 4575; x_wconf 75' lang='lat' dir='ltr'><strong>Tmiectinorum</strong></span> <span class='ocrx_word' id='word_1_271' title='bbox 558 4496 777 4575; x_wconf 89' lang='lat' dir='ltr'><strong>elumuorum</strong></span> <span class='ocrx_word' id='word_1_272' title='bbox 804 4495 1055 4599; x_wconf 79' lang='lat' dir='ltr'><strong>progressibus.</strong></span> 
     </span>
    </p>
   </div>
   <div class='ocr_carea' id='block_1_11' title="bbox 0 0 2484 6170">
    <p class='ocr_par' dir='ltr' id='par_1_14' title="bbox 0 0 2484 6170">
     <span class='ocr_line' id='line_1_31' title="bbox 0 0 2484 6170; baseline 0 0"><span class='ocrx_word' id='word_1_273' title='bbox 0 0 2484 6170; x_wconf 95' lang='lat' dir='ltr'><strong> </strong></span> 
     </span>
    </p>
   </div>
  </div>
 </body>
</html>
