4959 6175
695 673 761 740 ns
886 725 889 729 J
1092 771 1099 778 .
1300 675 1619 744 nnnnrrrc

693 879 788 979 apud
811 878 1111 978 Teleiobaptirtas,
1136 880 1199 981 qui
1224 882 1297 957 suis
1323 883 1474 982 prolecto
1503 907 1572 959 non
1600 841 1761 958 destituti
1791 886 1874 954 aunt
1901 879 2114 956 Doctoribus
2146 880 2212 980 piis

695 1007 731 1072 et
756 998 910 1074 eruditis.

744 1237 800 1310 Tu
827 1261 884 1311 me
911 1236 978 1311 tibi
1010 1238 1210 1329 detinuisti,
1245 1240 1474 1316 Ornatissime
1508 1265 1691 1316 morrena.
1741 1241 1835 1315 Nem
1869 1239 2025 1339 symbolo
2058 1263 2143 1312 usus
2175 1263 2211 1312 es

696 1357 866 1432 renuntia
894 1358 1046 1456 quadam
1067 1384 1111 1434 ex
1134 1361 1269 1459 scriptis
1292 1361 1405 1436 fratris
1429 1362 1498 1436 mei
1518 1361 1743 1436 dilectissimi.
1794 1363 1913 1440 Quare
1937 1359 2135 1446 victoriam,
2158 1381 2211 1432 me

694 1486 786 1551 certe
816 1501 885 1551 non
910 1478 1067 1566 nolente,
1098 1489 1317 1578 reportasses.
1370 1482 1439 1556 Sed
1467 1483 1522 1556 hic
1552 1482 1640 1556 illud
1666 1508 1688 1557 a
1720 1505 1776 1556 mo
1799 1481 2013 1581 postulatur,
2047 1485 2087 1552 ut
2116 1503 2211 1552 ense·

695 1620 783 1693 quar
800 1596 981 1684 mandata,
1004 1623 1094 1695 quac
1113 1599 1242 1674 iudicio
1263 1601 1424 1674 nituntur
1443 1601 1711 1700 Theologorum,
1737 1601 1944 1699 optimorum
1966 1600 2030 1674 hac
2050 1600 2087 1672 in
2109 1623 2211 1672 causa

695 1716 862 1790 iudicum.
911 1717 1037 1814 ltaque
1063 1718 1179 1816 'accipe
1213 1720 1439 1796 honorificum
1463 1722 1575 1796 laudis
1602 1721 1858 1808 testimonium,
1883 1719 1976 1819 quod
2009 1727 2043 1794 te
2067 1719 2114 1792 ad
2141 1742 2212 1793 ma·

696 1835 768 1908 iora
789 1833 1009 1933 suscipienda
1031 1835 1162 1912 incitet.

1102 2053 1274 2130 Iudicium
1304 2058 1446 2132 Ordinis
1469 2057 1797 2134 Iuriacmmaltoram.

747 2240 843 2314 Ordo
867 2239 1195 2315 Iurisconsultorum
1221 2240 1309 2314 duas
1333 2241 1513 2339 proposuit
1535 2245 1772 2341 quaestiones:

813 2361 844 2435 Ι.
869 2360 1073 2457 Exponatur
1099 2359 1195 2434 locus
1221 2359 1307 2434 iuris
1331 2361 1516 2436 criminalis
1539 2364 1582 2438 de
1606 2363 1839 2468 moderamine
1862 2362 2056 2461 inculpatae
2087 2359 2214 2432 tutelae

868 2502 950 2551 oum
974 2478 1011 2550 in
1034 2477 1176 2553 historia
1204 2479 1289 2554 iuris
1315 2482 1464 2556 Romani
1491 2489 1526 2556 et
1551 2483 1747 2557 Germanioi
1769 2491 1873 2580 atque
1894 2481 2015 2580 patrii,
2042 2487 2118 2553 tum
2146 2477 2213 2552 col·

869 2597 948 2672 latis
971 2595 1061 2671 inter
1090 2623 1127 2672 se
1157 2598 1242 2673 iuris
1276 2599 1432 2674 hodierni
1468 2601 1679 2677 diversarum
1713 2603 1872 2703 gentium
1903 2599 2080 2702 principiis
2113 2605 2215 2696 atque

871 2717 1117 2793 sanctionibus.

794 2837 844 2911 II.
869 2837 1073 2936 Exponatur
1093 2838 1330 2927 necessitudo,
1355 2863 1444 2938 quae
1466 2839 1648 2915 intercedit
1670 2840 1759 2915 inter
1779 2840 1865 2915 iuris
1887 2838 2011 2939 privati
2034 2845 2111 2912 turn
2131 2836 2210 2911 civi·

867 2954 930 3045 lis,
954 2964 1031 3030 tum
1054 2956 1247 3030 mercatorii
1270 2964 1452 3055 praecepta
1473 2965 1507 3031 et
1533 2958 1750 3032 oeconomiae
1771 2958 1928 3058 politicae
1953 2956 2180 3055 disciplinam.

746 3150 806 3224 Ad
834 3150 983 3249 priorem
1008 3174 1114 3227 unam
1138 3159 1276 3227 tantum
1301 3153 1432 3252 accepit
1454 3152 1799 3243 commentationem,
1830 3154 1992 3229 lemmate
2015 3151 2216 3248 inscriptam

703 3300 720 3339 n
730 3272 963 3366 Sed-defense
983 3297 1024 3345 aa
1040 3275 1072 3346 tt
1088 3276 1120 3346 ir
1128 3274 1245 3371 jaatly
1263 3274 1375 3348 called
1389 3274 1445 3347 tte
1455 3276 1614 3371 primcry
1631 3275 1699 3347 loro
1716 3276 1760 3369 os
1774 3280 1896 3349 natare
1913 3274 1991 3348 etc’'
2011 3270 2217 3365 (sunruna's

699 3391 786 3464 New
806 3390 1092 3483 Commentaries)
1114 3417 1185 3489 qua
1205 3394 1301 3466 locus
1319 3392 1363 3466 de
1382 3392 1615 3467 moderamine
1635 3392 1829 3490 inculpatae
1850 3393 1978 3467 tutelae
1998 3391 2150 3490 primum
2172 3412 2216 3461 ex

699 3510 836 3609 legibus
860 3510 1032 3608 antiquis,
1057 3509 1137 3585 dein
1163 3536 1206 3585 er
1229 3511 1305 3587 iure
1328 3512 1463 3609 poenali
1489 3512 1671 3601 hodierno,
1697 3513 1838 3588 tandem
1861 3514 1993 3587 ratione
2015 3507 2216 3611 philosopha

699 3630 835 3727 copiose
859 3631 1059 3708 illustratur.
1110 3634 1205 3705 lusto
1229 3631 1384 3705 latiorem
1414 3631 1664 3731 disquisitionis
1692 3632 1871 3707 historicae
1902 3654 2064 3729 campum
2098 3652 2216 3728 perva-

557 3840 560 3847 .
700 3759 803 3847 gatus
837 3750 981 3848 scriptor
1014 3750 1050 3823 in
1086 3751 1299 3849 expositione
1334 3750 1420 3823 iuris
1456 3750 1653 3825 recentioris
1691 3774 1771 3825 cum
1807 3751 1909 3849 patrii
1947 3758 2024 3823 tum
2063 3746 2218 3822 Francioi

702 3868 873 3964 (quaedam
897 3866 1181 3944 non‘omittenda
1199 3868 1374 3968 neglexit,
1399 3894 1488 3967 quae
1512 3878 1628 3944 temen
1653 3871 1780 3945 omissa
1811 3896 1880 3945 non
1911 3871 1986 3945 eius
2015 3894 2091 3944 esse
2124 3867 2217 3941 vide·

702 3988 831 4060 bantur
864 3989 1031 4061 momenti
1065 3998 1106 4063 ut
1142 3989 1288 4063 erimine
1321 3988 1512 4063 industriae
1534 3998 1582 4063 ·et
1619 3990 1821 4064 eruditionis
1853 4016 1916 4065 noc
1947 4014 2016 4064 non
2048 3986 2218 4063 acuminis

702 4106 844 4179 minime
869 4106 1019 4205 vulgaris
1045 4107 1251 4183 documenta
1277 4107 1443 4182 exhibens
1476 4108 1666 4209 disputatio
1697 4109 1816 4185 debita
1842 4110 1957 4208 palma
1989 4109 2216 4183 fraudaretur.

704 4226 873 4303 Quocirca
910 4226 1007 4300 Ordo
1037 4229 1189 4326 praemio
1221 4228 1316 4327 regio
1349 4229 1646 4303 condecorandam
1683 4229 1883 4327 scriptorem
1919 4228 2054 4306 censuit
2067 4262 2093 4315 ,·
2111 4235 2216 4324 atque

703 4354 820 4441 aperta
845 4345 993 4434 acidula,
1026 4372 1151 4423 nomen
1180 4349 1308 4447 prodiit
1338 4371 1501 4423 enarrat
1527 4372 1722 4423 sannarum
1752 4374 1937 4426 nnnowrcr
1964 4371 2155 4435 sancosr,
2180 4348 2217 4419 in

705 4463 892 4538 Academia
915 4466 1237 4565 Lugduno·Batava
1258 4469 1343 4543 iuris
1369 4469 1531 4558 studiosi,
1565 4470 1641 4570 qui,
1666 4470 1826 4545 instituto
1847 4470 2023 4558 examine,
2051 4493 2087 4542 se
2113 4466 2219 4565 scrip·

705 4592 813 4657 torem
835 4584 936 4658 nobis
962 4586 1129 4685 probavit.

754 4819 812 4895 Ad
836 4821 978 4897 alteram
999 4826 1238 4922 quaestionem
1263 4827 1359 4901 Ordo
1385 4828 1516 4927 accepit
1548 4827 1636 4902 duas
1670 4828 1987 4903 commentationes.
2039 4827 2137 4901 Prior
2166 4827 2218 4899 in·
