4959 6175
887 717 1164 790 ORATIO.
1738 721 1780 788 95

216 1013 221 1019 ,
262 936 388 1033 ingens,
407 931 598 1018 damnum,
623 927 719 1002 brevi
739 935 820 1002 ante
840 929 876 1003 in
898 953 1064 1005 nwrcxro
1084 929 1231 1018 facturn,
1261 951 1544 1008 oasnnvaaaaar
1566 926 1667 1003 obitn
1689 927 1785 1003 haud

264 1079 403 1153 parvam
425 1052 564 1127 allatam
588 1075 663 1124 esse
684 1049 923 1126 accessionem.
1144 1060 1153 1074 '

289 1177 498 1253 ⁴Quantum
522 1169 606 1245 boni
631 1161 754 1244 talium
780 1171 947 1258 virorum,
973 1196 1061 1268 quos
1087 1195 1156 1245 non
1183 1179 1319 1246 tantum
1345 1172 1464 1246 decem
1487 1170 1674 1244 lustrorum
1699 1167 1783 1244 ami·

266 1296 366 1382 citis,
382 1292 563 1368 sedetiam
582 1291 738 1364 studium
753 1290 1020 1366 commendandi
1036 1293 1179 1390 pulchra
1196 1303 1232 1366 et
1250 1293 1340 1366 bona
1358 1315 1532 1390 quaeque,
1550 1297 1655 1390 atque
1672 1289 1782 1364 almae

270 1414 407 1501 matris,
426 1412 524 1486 cuius
541 1411 663 1484 eodem
682 1421 836 1510 tempore
853 1412 985 1486 alumni
1004 1412 1158 1502 luerent,
1179 1439 1276 1488 amor
1290 1411 1480 1487 arctissime
1501 1410 1673 1498 iunxerat,
1697 1433 1785 1509 quos

269 1542 442 1633 praeterea
457 1539 625 1604 ornarunt
641 1529 821 1628 ingenium
837 1531 1015 1629 perspicax
1030 1540 1066 1604 et
1079 1531 1271 1629 aequabilis
1289 1531 1415 1608 mentis
1433 1531 1640 1618 constantia,
1659 1529 1782 1604 talium

268 1653 374 1752 igitur
398 1650 550 1724 virorum
575 1649 619 1722 de
638 1649 831 1724 rationibus
857 1650 972 1724 cultus
995 1659 1100 1749 atque
1122 1651 1346 1726 humanitatis
1376 1651 1613 1750 provehendae
1642 1672 1784 1724 consen·

268 1773 338 1861 sio,
362 1780 535 1870 quantum
559 1769 641 1843 boni
661 1769 698 1844 in
725 1769 949 1845 Academiam
976 1780 1129 1844 nostram
1155 1795 1256 1871 porro
1278 1771 1430 1846 conferre
1452 1771 1655 1871 potuerant!

315 1892 385 1966 Sed
413 1893 490 1965 Deo
515 1891 614 1964 aliter
641 1890 774 1964 visuml
824 1889 900 1964 Nos
930 1890 1028 1965 decet
1063 1891 1180 1966 animo
1213 1917 1295 1991 erga
1329 1894 1421 1965 Eum
1455 1899 1554 1990 grato
1589 1915 1685 1976 esse,
1725 1889 1783 1986 qui

270 2012 409 2088 alterius
437 2020 595 2108 vegetam
623 2021 858 2098 senectutem,
892 2011 1023 2085 virilem
1050 2035 1129 2085 vero
1159 2011 1301 2086 alterius
1324 2021 1472 2086 aetatem
1499 2011 1545 2085 ad
1573 2017 1784 2085 senectutem

270 2157 378 2230 usque
399 2131 501 2205 nobis
520 2130 702 2205 fruendam
727 2131 942 2206 concesserit.

319 2373 424 2451 Quod
448 2372 478 2446 si
498 2372 709 2446 Curatarum
729 2371 925 2471 Collegium
945 2396 1077 2446 annum
1098 2371 1192 2447 band
1214 2372 1330 2471 exegit
1351 2372 1424 2446 sine
1442 2371 1539 2447 clade
1559 2397 1637 2459 sua,
1663 2371 1788 2446 Ordini

271 2494 503 2568 Professorum
527 2516 621 2566 mors
643 2517 713 2566 non
737 2493 899 2591 pepercit.
949 2494 1017 2568 Die
1045 2493 1139 2568 enim
1167 2496 1214 2567 26
1238 2492 1367 2568 mensis
1391 2492 1543 2567 ianuarii
1564 2492 1652 2566 obiit
1676 2515 1789 2566 nnnc-

274 2637 373 2688 vrcns
400 2637 596 2688 anaranns
622 2636 818 2702 vrsscnna,
853 2613 915 2712 qui
944 2637 1007 2713 per
1041 2613 1168 2714 viginti
1198 2623 1276 2688 octo
1309 2638 1418 2688 annos
1452 2613 1488 2686 in
1513 2612 1576 2687 hac
1599 2611 1788 2686 Academia

271 2758 411 2808 munere
432 2733 640 2807 Professoris
660 2733 803 2808 functus
829 2741 894 2810 est.

316 2853 550 2928 Vrsscnanns
585 2853 622 2926 in
652 2854 772 2952 paucis
798 2854 866 2928 illis
893 2854 978 2942 fuir,
1012 2853 1074 2953 qui
1099 2876 1257 2940 omnem,
1286 2877 1356 2951 qua
1379 2853 1510 2952 pollent
1536 2877 1651 2926 rerum
1681 2851 1789 2926 scien·

272 2973 354 3048 tiam
378 2973 519 3047 sibimet
536 2974 618 3072 ipsis
640 2974 861 3074 potissimum
881 2984 1057 3075 acceptam
1079 2975 1245 3050 reserant.
1293 2974 1376 3048 Fuit
1396 2973 1537 3047 omnino
1558 2969 1790 3048 abacistae·

273 3120 351 3180 τος.
400 3094 497 3168 Hinc
519 3096 629 3171 multa
654 3120 795 3185 eorum,
826 3122 916 3196 quae
944 3098 977 3172 ei
1004 3098 1101 3198 priva
1121 3097 1281 3183 fuerunt,
1305 3095 1464 3171 facillime
1490 3094 1715 3193 explicantur.

321 3214 436 3289 Natus
459 3222 511 3289 est
531 3216 683 3304 Bredae,
716 3216 773 3292 die
797 3222 816 3291 1
840 3218 970 3293 mensis
993 3217 1114 3293 Martii
1137 3216 1221 3291 anni
1245 3218 1357 3304 1797,
1388 3214 1591 3313 parentibus
1618 3212 1789 3301 honestis,

274 3355 421 3407 anonas
450 3356 573 3410 nabor
603 3359 781 3411 vrsscnna
808 3343 845 3411 et
876 3358 1091 3409 carnarum
1121 3355 1319 3408 nonoaaaa
1354 3357 1580 3409 aoannaaan.
1629 3333 1789 3421 Patrem,

270 3454 523 3543 centurionem,
556 3456 594 3529 in
624 3457 824 3531 llollandioa
853 3456 1047 3554 Anglorum
1079 3454 1298 3553 expeditione
1323 3476 1481 3540 caesum,
1507 3451 1623 3526 bimus
1652 3452 1787 3539 amisit,
1893 3486 1895 3493 ¹

272 3572 326 3647 oui
345 3573 383 3647 in
406 3575 507 3672 pueri
527 3576 638 3651 tutela
657 3577 822 3652 successit
841 3576 982 3651 vitricus
1002 3598 1191 3650 rnonrnus
1212 3595 1398 3662 arnamar,
1424 3572 1632 3647 tributorum
1654 3580 1790 3646 coactor

273 3690 306 3765 in
328 3718 419 3792 pago
443 3694 541 3794 Lege
567 3698 747 3773 Zwaluwe.

320 3813 611 3891 Adolescentnlus
635 3818 786 3917 primum
812 3817 937 3917 Hagae
957 3816 1136 3891 Comitum
1160 3822 1237 3889 tum
1259 3811 1512 3888 Amstelodami
1537 3836 1621 3886 usus
1645 3820 1698 3885 est
1720 3809 1789 3884 dis·

274 3929 413 4027 ciplina,
446 3959 517 4031 qua
542 3936 748 4011 baec-aetas
771 3937 839 4011 illis
863 3935 1079 4036 temporibus
1103 3934 1216 4010 imbui
1237 3932 1380 4008 solebat.
1429 3933 1531 4010 Quae
1552 3938 1670 4005 tamen
1692 3931 1790 4004 insti·

275 4050 361 4123 tutio
385 4053 499 4150 qualis
523 4055 645 4146 suerit,
670 4058 765 4133 baud
788 4065 933 4132 constat.
983 4058 1075 4131 Sunt
1102 4064 1220 4130 autem
1247 4051 1454 4152 paucissima
1480 4075 1523 4125 ex
1548 4050 1613 4125 hoc
1638 4060 1791 4149 tempore

275 4179 466 4247 memoratu
485 4175 603 4273 digna.
654 4175 778 4275 Hagno
804 4175 980 4250 Comitum
1002 4175 1039 4248 in
1063 4173 1223 4247 notitiam
1246 4171 1401 4271 pervenit
1421 4192 1574 4245 nnnnrcr
1598 4192 1671 4244 vsu
1698 4192 1790 4245 wrm

274 4298 308 4361 et
334 4313 459 4365 raconr
481 4318 647 4368 saroam
671 4316 870 4383 onraanrr,
896 4318 1045 4394 quornm
1063 4292 1281 4368 sermonibus
1301 4292 1453 4390 primum
1471 4298 1650 4390 acceptum
1673 4291 1791 4365 retulit

275 4408 434 4486 historiae
468 4423 505 4487 et
533 4416 750 4514 antiquitatis
782 4415 913 4515 patriae
937 4438 1095 4489 amorem
1130 4421 1235 4512 atque
1267 4413 1466 4513 cupidinem
1499 4413 1592 4487 illam
1620 4414 1790 4501 fontium,

274 4552 378 4625 quam
413 4534 581 4631 posterior
613 4545 707 4611 aetas
740 4535 964 4611 confirmavit.
1013 4534 1266 4609 Amstelodami
1297 4528 1414 4608 autem
1442 4533 1478 4608 in
1511 4534 1791 4633 praeceptoribus

273 4648 347 4722 eius
378 4650 447 4725 luit
478 4677 639 4731 roxarns
665 4679 813 4732 aaronis
845 4655 956 4743 filius,
990 4654 1048 4729 cui
1082 4679 1191 4753 quum
1223 4654 1259 4727 in
1290 4678 1384 4729 more
1407 4654 1559 4753 positum
1584 4663 1676 4729 esset
1697 4653 1793 4728 seriis

275 4768 434 4845 historiae
471 4776 687 4873 argumentis
720 4780 812 4855 iocos
845 4781 1071 4880 adspergere,
1103 4781 1179 4855 fieri
1210 4804 1292 4855 sane
1322 4788 1452 4879 potest,
1477 4790 1518 4854 ut
1543 4779 1627 4854 baec
1655 4777 1793 4852 dicendi

273 4889 515 4992 scribendique
537 4896 624 4972 ratio
649 4923 801 4976 amorem
826 4901 1025 4977 excitaverit
1044 4901 1199 4999 leporum
1220 4906 1256 4975 et
1277 4900 1498 4989 facetiarum,
1522 4900 1651 4999 quibus
1673 4907 1792 4995 postea
