4959 6175
654 631 720 702 168
1195 631 1222 696 1.
1258 631 1284 698 l.
1319 630 1354 696 P.
1388 627 1647 700 VALETON

653 841 794 944 populi,
818 840 1006 916 aliorumve
1027 847 1283 914 momentorum
1306 837 1441 914 indoles
1460 837 1497 913 in
1520 861 1561 912 eo
1584 859 1746 938 expressa
1766 845 1947 930 cernatur,
1966 838 2061 915 unde
2082 840 2125 914 fit
2148 845 2194 916 ut

655 963 709 1039 vel
730 961 1042 1062 praeclarissimum
1063 959 1229 1060 quodque
1250 959 1313 1034 ubi
1334 959 1378 1036 ab
1400 958 1477 1035 aliis
1508 959 1701 1060 excipiatur
1722 956 1769 1034 ad
1790 959 1915 1036 borum
1936 985 2057 1036 rursus
2081 983 2192 1036 nsum

654 1091 696 1157 ut
721 1083 772 1156 ita
797 1081 911 1156 dicam
935 1079 1186 1156 accommodari
1215 1078 1352 1154 debeat.

702 1201 824 1276 Altera
844 1225 923 1276 vero
945 1201 1030 1276 haec
1053 1199 1149 1300 quod
1171 1223 1321 1301 regnum
1345 1199 1434 1275 illud
1456 1199 1635 1288 divinum,
1657 1198 1753 1299 quod
1775 1222 1955 1274 summum
1980 1198 2115 1274 bonum
2137 1205 2193 1276 ιιι

653 1323 841 1420 omniaque
869 1323 962 1397 bons
991 1321 1250 1419 complectitur,
1274 1321 1467 1396 necessario
1493 1320 1587 1396 intra
1615 1319 1727 1419 ipsius
1753 1320 1876 1420 populi
1899 1319 2082 1396 Isratlitici
2102 1321 2191 1396 fines

653 1449 857 1517 contentum
889 1441 1007 1518 fuerit.
1057 1440 1166 1519 Quod
1197 1440 1228 1516 si
1257 1441 1426 1516 Israelitis
1458 1440 1541 1515 vitio
1573 1447 1727 1514 vertatur
1753 1440 1881 1515 iniuria
1905 1441 1957 1516 tit
2008 1440 2191 1516 Immerito

654 1564 749 1637 enim
775 1570 982 1637 accusantur
1008 1559 1108 1659 quasi
1132 1561 1182 1634 ita
1208 1584 1246 1634 se
1272 1559 1443 1658 populum
1468 1586 1489 1635 a
1513 1559 1591 1634 Deo
1614 1557 1765 1632 electum
1789 1557 1976 1634 habuerint
2004 1567 2045 1632 ut
2068 1583 2193 1634 omncs

654 1682 796 1758 omnino
822 1690 944 1781 gentes
973 1679 1130 1756 exclusas
1161 1687 1197 1754 ιι
1230 1681 1376 1756 reiectas
1402 1679 1608 1754 iudicarent.
1659 1677 1743 1752 Fuit
1765 1677 1822 1752 bic
1843 1679 2074 1778 posteriorum
2100 1687 2192 1756 tem·

653 1827 778 1902 porum
808 1825 902 1876 error
931 1800 1045 1875 dicam
1077 1825 1122 1875 an
1145 1800 1270 1899 culpa,
1298 1823 1411 1899 quum
1432 1799 1552 1875 divino
1577 1797 1703 1897 spiritu
1730 1823 1800 1872 non
1827 1799 1979 1899 amplius
2003 1809 2193 1900 agerentur

654 1928 690 1996 et
720 1919 884 2019 antiquae
914 1919 1090 2018 religionis
1121 1943 1192 1994 non
1223 1921 1291 1995 nisi
1320 1943 1410 1995 vana
1442 1920 1574 2020 species
1603 1928 1815 2017 superesset:
1850 1943 1894 1993 cr
1922 1919 1998 2019 ipso
2023 1921 2192 2020 religione

652 2065 875 2141 nequaquam
902 2039 1054 2139 profluit.
1104 2039 1184 2113 Hoc
1206 2063 1286 2114 vero
1311 2038 1461 2112 maxime
1491 2035 1695 2111 admirabile
1720 2045 1774 2111 ast
1799 2035 1835 2110 in
1858 2035 1920 2112 illa
1940 2038 2127 2138 religione,
2149 2023 2194 2116 ut

652 2162 690 2236 id
721 2162 815 2260 quod
842 2162 994 2260 populus
1020 2159 1233 2235 Israeliticus
1263 2159 1338 2258 ipse
1365 2159 1498 2233 efficere
1524 2181 1595 2232 non
1619 2154 1756 2256 potuit,
1782 2156 1829 2230 ιιι
1853 2158 1948 2256 quod
1970 2158 2194 2238 efficiendum

652 2305 723 2356 non
747 2287 889 2355 vocatus
914 2280 1001 2368 luit,
1026 2280 1214 2378 aliquando
1237 2287 1355 2354 tamen
1382 2278 1544 2354 laturum
1567 2276 1759 2352 certissime
1786 2286 1948 2377 speraret.

702 2401 810 2475 Vates
841 2401 937 2474 enim
972 2399 1259 2499 praestantissimi
1292 2421 1413 2474 omnes
1447 2408 1587 2497 tempus
1612 2406 1797 2473 venturum
1824 2407 1861 2472 et
1884 2397 2132 2497 praevidebant
2154 2409 2194 2476 ιι

651 2519 918 2622 praedicebant,
940 2545 1012 2619 quo
1034 2544 1155 2594 omnes
1176 2519 1286 2594 totius
1308 2518 1403 2595 orbis
1428 2529 1551 2619 gentes
1575 2518 1621 2594 ad
1639 2516 1728 2592 illud
1749 2541 1897 2618 regnum
1920 2519 2078 2595 divinum
2094 2509 2192 2596 occc-

653 2641 777 2715 dercnt
800 2647 837 2714 ιι
858 2639 1082 2716 confluerent.
1134 2638 1248 2717 Cuius
1267 2639 1317 2714 rei
1337 2664 1381 2714 er
1399 2637 1593 2714 innumeris
1614 2639 1833 2714 documentis
1857 2639 1923 2714 boc
1944 2663 2056 2715 unum
2077 2642 2194 2742 allego

652 2759 937 2860 antiquissimum
964 2760 1182 2834 vaticiniumz
1214 2790 1232 2830 ι
1243 2761 1426 2836 Postremo
1450 2766 1606 2858 tempore
1626 2759 1837 2834 constitutus
1860 2759 1926 2834 erit
1945 2785 2047 2836 mons
2068 2761 2194 2862 templi

652 2881 796 2956 Domini
820 2881 989 2981 incapite
1014 2881 1188 2955 montium
1207 2887 1244 2954 ιι
1267 2881 1380 2957 elatus
1401 2881 1467 2956 erit
1491 2904 1596 2979 supra
1616 2881 1763 2956 collibus
1786 2891 1823 2958 et
1843 2882 2021 2958 confluent
2043 2884 2088 2960 ad
2108 2909 2193 2962 eum

652 3027 774 3078 omnes
794 3003 935 3103 populi,
960 3012 997 3078 et
1018 3003 1158 3077 venient
1180 3023 1330 3101 magnae
1353 3008 1477 3102 gentes
1502 3009 1538 3076 et
1564 3001 1698 3077 dicente
1735 3002 1843 3105 Agite
1867 3003 2121 3080 adscendamus
2144 3005 2192 3082 ad

651 3133 807 3201 montem
832 3124 997 3213 Domini,
1023 3125 1068 3199 ad
1085 3122 1208 3199 aedem
1229 3121 1300 3198 Dei
1318 3122 1470 3211 Iacoar,
1494 3128 1534 3197 ut
1556 3122 1684 3198 doceat
1705 3148 1768 3199 nos
1792 3124 1865 3201 rias
1889 3148 1971 3200 suas
1992 3134 2029 3201 ιι
2050 3127 2189 3204 inceda-

650 3271 732 3321 mus
753 3246 790 3319 in
814 3243 948 3319 semitis
974 3244 1070 3333 aius;
1101 3267 1185 3319 nam
1208 3268 1251 3317 ex
1279 3243 1388 3319 Zione
1414 3243 1530 3318 veniet
1552 3244 1608 3319 lox
1631 3252 1668 3319 ιι
1694 3245 1840 3321 verbum
1862 3246 2007 3321 Domini
2034 3272 2076 3322 ex
2099 3246 2188 3323 Hie·

649 3363 855 3463 rosolymis’'
895 3371 933 3437 et
965 3384 1055 3461 quae
1089 3369 1308 3463 sequuntur,
1345 3363 1440 3437 unde
1479 3362 1563 3437 sotis
1602 3372 1745 3463 apparet
1780 3364 1947 3441 Israelitis
1982 3390 2185 3465 persuasum

650 3486 758 3561 fuisso
783 3510 882 3559 suam
904 3483 1106 3582 religionem
1128 3508 1208 3559 vere
1232 3484 1279 3559 ad
1308 3482 1512 3558 universum
1536 3482 1709 3581 pertinere
1731 3497 1844 3585 genus
1864 3487 2065 3562 humanum.

700 3606 820 3704 Atque
841 3604 892 3678 sic
914 3614 1121 3704 perventum
1146 3612 1221 3693 est,
1247 3604 1440 3679 Auditores
1465 3603 1743 3694 Humanissimi,
1768 3606 1876 3680 adid
1899 3606 1995 3705 quod
2014 3607 2051 3680 in
2069 3606 2185 3683 Israe-

652 3725 793 3799 litorum
823 3725 921 3799 cultu
954 3724 1071 3800 divino
1101 3725 1253 3800 marimo
1292 3722 1445 3799 sublima
1481 3731 1517 3797 et
1551 3724 1727 3799 excelsum
1761 3734 1824 3803 est.
1875 3728 1926 3802 At
1961 3728 2017 3802 bic
2048 3752 2188 3829 quoque

652 3844 740 3919 mihi
768 3843 1032 3918 subsistendum
1064 3852 1118 3919 est
1144 3845 1332 3943 omniaque
1362 3844 1555 3919 omittenda
1584 3870 1673 3943 quae
1697 3846 1743 3921 ad
1769 3846 1857 3922 illud
1881 3848 2124 3948 explicandum
2152 3856 2190 3925 et

652 3964 900 4039 illustrandum
932 3963 1086 4053 faciunt,
1124 3990 1167 4039 ne
1194 3964 1362 4064 temporis
1395 3964 1481 4038 mibi
1503 3964 1549 4039 ad
1577 3965 1764 4043 dicendum
1789 3970 1942 4044 concessi
1966 3971 2055 4044 fines
2082 3970 2188 4045 nimis

652 4084 824 4185 proferam
845 4108 933 4158 nave
954 4084 1043 4159 forte
1065 4084 1101 4157 in
1128 4084 1242 4159 abens
1268 4092 1414 4184 vagetur
1437 4084 1547 4161 oratio
1571 4108 1659 4161 mea.

704 4204 802 4279 Huic
837 4204 946 4304 igitur
976 4206 1083 4280 finem
1113 4204 1256 4304 impono
1292 4228 1363 4279 nno
1396 4204 1558 4283 addendo
1589 4208 1625 4281 in
1649 4231 1720 4305 quo
1744 4214 1818 4284 tota
1842 4208 1912 4283 lere
1941 4234 1978 4285 sa
2002 4209 2185 4287 contrabit.

651 4324 793 4399 Etenim
815 4348 914 4425 spem
934 4324 1051 4414 illam,
1077 4350 1167 4424 quac
1191 4326 1370 4425 aliquanto
1394 4327 1603 4426 plusquam
1626 4350 1704 4426 apes
1731 4326 1819 4417 luit,
1844 4352 1914 4404 non
1936 4328 2059 4405 resedit
2084 4354 2184 4405 eren·

654 4452 723 4520 tus.
773 4446 893 4544 Atque
924 4445 1009 4521 hacc
1041 4446 1136 4535 lans,
1171 4445 1256 4522 hoec
1290 4446 1400 4546 gloria
1428 4454 1483 4521 ιιι
1510 4446 1631 4546 populi
1659 4447 1859 4538 Isradbtioi,
1884 4450 1981 4548 quod
2005 4474 2187 4550 praepara·

654 4565 740 4640 verit
763 4571 799 4638 ιι
819 4565 919 4664 quasi
940 4567 1096 4665 germine
1121 4566 1159 4641 in
1184 4592 1222 4642 ιι
1245 4568 1477 4657 continuerit,
1500 4568 1549 4642 ita
1578 4576 1619 4643 ut
1642 4592 1686 4643 ex
1709 4592 1751 4642 eo
1773 4568 1846 4644 solo
1866 4570 2037 4671 originem
2060 4571 2185 4647 ducere

654 4694 790 4786 posset,
814 4684 912 4760 illum
933 4685 1001 4759 Dei
1026 4688 1159 4763 cultum
1187 4712 1294 4787 quem
1315 4712 1428 4787 genua
1447 4688 1642 4765 humanum
1665 4688 1798 4787 accepit
1822 4714 1843 4765 ι
1865 4713 1947 4767 raso
1968 4712 2132 4767 orrarsro.
