4959 6175
651 694 717 760 ror
1248 688 1283 755 r.
1318 645 1568 776 urnrrne

651 924 689 975 se
720 896 997 997 conspiciendam
1025 897 1188 996 praebeat
1216 917 1323 994 quam
1354 895 1533 993 superficie
1563 917 1673 994 aquae
1706 893 1864 993 procellis
1895 895 2044 996 agitata
2068 899 2171 996 quid-

650 1043 756 1119 quam
786 1041 924 1107 eorum,
956 1042 1045 1116 quae
1077 1024 1161 1092 sunt
1192 1015 1346 1103 inimo,
1381 1014 1481 1088 nobis
1501 1038 1639 1090 cernere
1662 1013 1775 1090 liceat.
1826 1017 1902 1091 Aul
1929 1017 1959 1090 si
1987 1042 2057 1115 qua
2086 1017 2174 1094 forte

650 1138 888 1238 opportunitas
923 1144 1036 1211 exstat
1067 1136 1157 1212 hano
1188 1135 1326 1210 illamve
1353 1134 1514 1235 imaginis
1537 1142 1671 1234 portem
1694 1134 1951 1235 conspiciendi,
1978 1139 2174 1237 quaerenda

649 1258 737 1333 haec
757 1267 811 1332 est
837 1256 969 1331 nonin
996 1255 1209 1356 amplissimo
1233 1254 1431 1330 auditorum
1456 1261 1644 1340 conventu,
1677 1255 1800 1331 sedin
1828 1281 2020 1355 paucorum
2048 1257 2172 1332 amieo·

649 1401 728 1451 rum
752 1383 869 1465 coetu,
902 1375 965 1450 ubi
988 1375 1058 1450 cari
1087 1374 1210 1474 capitis
1240 1373 1451 1448 desiderium
1474 1372 1632 1448 nonnihil
1664 1397 1863 1450 sermonum
1895 1375 1988 1450 elicit
2019 1382 2055 1450 et
2085 1375 2173 1450 alius

649 1521 693 1571 ex
721 1497 788 1571 alio
815 1496 970 1570 modeste
1001 1521 1042 1570 ee
1072 1495 1220 1594 profert,
1252 1494 1380 1592 quibus
1411 1492 1479 1592 ipsi
1512 1493 1663 1568 ornicum
1693 1493 1763 1568 vita
1791 1493 1997 1568 defunctum
2025 1494 2172 1570 maxime

650 1615 875 1715 conspicuum
908 1613 1016 1688 luisse
1056 1621 1209 1688 censent.
1261 1611 1453 1711 Equidem,
1486 1612 1695 1702 Auditores,
1730 1613 1760 1687 si
1788 1613 1842 1688 his
1873 1615 2074 1689 interessem
2105 1638 2172 1687 ser·

651 1735 831 1824 monibus,
856 1758 944 1832 quos
966 1733 1106 1807 dolendi
1132 1733 1292 1831 voluptas
1318 1731 1430 1821 elicit,
1463 1732 1493 1807 si
1525 1732 1768 1831 integerrimos
1789 1756 1920 1808 aranu
1942 1733 2070 1808 amicos
2099 1732 2174 1806 eius

650 1856 772 1930 laudes
804 1853 936 1952 ingenii
968 1851 1146 1950 animique
1173 1856 1403 1926 memorantes
1426 1850 1581 1926 audirem
1608 1859 1643 1924 et
1666 1839 1750 1926 ¹vero'
1774 1851 1828 1926 his
1847 1851 2083 1926 immiscentes
2108 1851 2173 1924 mi·

649 2001 723 2052 ram
746 1975 851 2050 huius
876 1974 940 2048 viri
958 1973 1156 2048 comitatem
1177 1979 1213 2046 et
1233 1972 1270 2046 iu
1293 1969 1445 2046 iuvando
1469 1979 1575 2069 atque
1600 1970 1816 2046 adhortando
1841 1971 2073 2059 choritatem,
2097 1979 2173 2045 tum

651 2121 730 2170 vero
761 2096 805 2168 de
834 2119 890 2168 me
915 2093 989 2192 ipso
1017 2091 1195 2179 referrem,
1226 2097 1266 2165 ut
1292 2115 1431 2189 prorsus
1458 2113 1515 2164 me
1542 2091 1702 2165 assentiri
1726 2090 1970 2190 significarem.
2021 2090 2175 2166 Breviter

650 2215 747 2291 vobis
772 2237 909 2290 narrare
933 2212 1048 2299 iuvat,
1073 2212 1110 2284 in
1135 2234 1226 2308 quse
1255 2233 1371 2298 mens,
1397 2209 1534 2308 saepius
1559 2209 1596 2283 in
1623 2209 1691 2286 illis
1718 2210 1783 2285 hoc
1808 2218 1962 2310 tempore
1992 2217 2173 2309 occupate,

649 2336 699 2410 ibi
724 2341 846 2435 sponte
870 2337 1076 2406 excurreret.

697 2453 838 2528 Abhinc
862 2451 950 2524 duos
976 2455 1012 2523 et
1033 2447 1175 2548 triginta
1196 2472 1305 2523 annos
1330 2449 1483 2547 primum
1502 2475 1585 2549 ego,
1611 2450 1793 2550 Gymnesii
1816 2449 2042 2548 Elburgensia
2064 2447 2174 2522 olum

650 2599 737 2665 nus,
763 2594 933 2646 nsnrruu
964 2569 1055 2656 vidi,
1089 2569 1193 2643 modo
1229 2567 1322 2642 illius
1357 2567 1492 2643 scholae
1521 2569 1724 2644 curatorem
1756 2570 1896 2644 lectum.
1946 2569 2030 2642 Mox
2063 2591 2175 2641 novus

651 2695 799 2770 Curatur
824 2691 988 2791 idemque
1013 2688 1101 2762 luris
1127 2688 1304 2763 Professor
1328 2689 1681 2790 Amstelodamensis,
1716 2715 1786 2764 una
1812 2715 1893 2764 cum
1922 2688 2062 2786 Collega
2083 2709 2173 2760 norr-

653 2838 750 2890 xsno
774 2835 928 2900 cunrro,
952 2808 1138 2909 Euangelii
1163 2809 1260 2910 apud
1284 2808 1554 2884 Arrihemisnses
1579 2812 1793 2909 Interprete,
1818 2809 2014 2907 Elburgum
2040 2815 2176 2881 nostros

650 2957 851 3034 progressus
871 2931 1087 3029 exploratum
1113 2927 1218 3004 venit.
1269 2928 1367 3003 Haeo
1389 2928 1547 3027 probatio
1569 2955 1646 3005 cem
1673 2931 1709 3004 in
1733 2954 1789 3004 me
1813 2930 1881 3002 virn
1904 2915 2051 3015 habuit,
2075 2927 2175 3000 cuius

651 3053 852 3129 memoriam
889 3050 986 3125 nulla
1020 3046 1184 3124 deleverit
1219 3048 1304 3124 dies.
1355 3048 1483 3123 Adhuc
1504 3074 1567 3124 nos
1592 3048 1780 3125 adeuntem
1804 3072 1906 3123 cerno
1930 3044 2045 3123 sirum
2065 3051 2176 3121 aetate

650 3181 686 3247 et
708 3172 839 3247 viribus
862 3171 1059 3257 florentem,
1091 3169 1191 3243 vultu
1214 3168 1305 3243 comi
1328 3170 1430 3243 etad
1457 3170 1615 3245 sanitatis
1640 3169 1804 3244 ruborem
1834 3166 2045 3267 composito,
2069 3166 2175 3241 oculis

653 3292 767 3390 vigore
799 3291 931 3390 plenis,
966 3288 1135 3363 cincinnis
1164 3288 1281 3364 fuscis.
1332 3289 1566 3368 Quaestiones
1593 3290 1688 3378 eius,
1712 3290 1747 3362 in
1770 3288 1890 3387 paucis
1917 3294 2018 3385 aptae
2040 3285 2175 3385 perspi-

651 3436 785 3509 cueque
812 3409 943 3507 positae
954 3442 963 3495 ;
990 3408 1036 3482 ad
1063 3432 1169 3506 quas,
1195 3434 1239 3483 ne
1265 3408 1532 3497 adolescentuli,
1557 3409 1789 3483 Professorem
1816 3408 2175 3481 Amstelodamensem

654 3530 900 3629 suspicientes,
937 3527 1058 3601 timide
1091 3536 1127 3601 et
1161 3529 1374 3628 trepldanter
1403 3528 1706 3627 responderemus,
1738 3527 1933 3602 invitabant
1956 3550 2065 3626 paene
2086 3524 2177 3599 oculi

654 3653 705 3727 illi
739 3650 859 3726 blandi
895 3657 931 3723 et
954 3650 1052 3723 lenis
1085 3650 1137 3723 ori
1164 3646 1393 3721 circumfusus
1427 3646 1517 3719 risus
1551 3654 1587 3719 et
1610 3645 1705 3719 frons
1735 3643 1780 3719 ed
1806 3644 1948 3719 hilarem
1970 3644 2082 3731 illam,
2106 3667 2177 3741 qua

656 3770 756 3869 pueri
786 3768 986 3855 confidunt,
1023 3766 1297 3842 benevolentiam
1333 3764 1501 3861 explicita.
1540 3810 1590 3825 -
1623 3767 1744 3843 Quum
1776 3790 1797 3839 a
1829 3765 1929 3838 nobis
1955 3763 2175 3850 discesserat,

633 3888 692 3989 id
723 3886 769 3960 sd
800 3909 912 3960 unum
941 3909 1062 3959 omnes
1092 3883 1308 3983 optavimus,
1343 3889 1382 3953 ut
1415 3880 1465 3952 vir
1498 3880 1555 3955 ille
1586 3882 1714 3969 comis,
1746 3880 1980 3980 interrogandi
2002 3904 2176 3979 quemque

655 4014 691 4080 et
713 4004 867 4103 benigno
891 4003 1041 4102 alloquio
1069 4000 1276 4078 adhortandi
1300 4000 1451 4101 peritus,
1477 4002 1628 4099 saepius,
1654 4001 1738 4101 quin
1772 4002 1801 4073 si
1827 4002 1901 4075 fieri
1928 4009 2065 4100 posset,
2091 4024 2175 4098 quo·

652 4124 738 4199 tidie
762 4123 898 4198 rediret.

703 4241 838 4343 Viginti
864 4266 934 4316 uno
959 4240 1060 4316 annis
1083 4246 1162 4339 post
1176 4262 1336 4314 nannius
1352 4238 1421 4313 huo
1443 4244 1582 4313 vocatus
1608 4244 1680 4325 est,
1704 4237 1748 4313 ad
1775 4235 2082 4337 lurisprudentiam
2105 4245 2174 4313 tre·
2313 4224 2316 4229 ⁵

654 4361 814 4439 dandam.
865 4361 922 4436 Sic
953 4384 1045 4435 anno
1072 4361 1165 4433 1848
1191 4358 1277 4434 mihi
1299 4382 1438 4458 quoque
1460 4356 1700 4457 opportunitas
1723 4357 1826 4433 allata
1849 4367 1904 4431 est
1927 4382 2009 4432 eum
2030 4380 2175 4455 cognos-

655 4483 756 4557 cendi
790 4480 922 4568 virum,
960 4480 1022 4578 qui
1057 4478 1353 4555 adolescentulum
1389 4478 1457 4553 sibi
1490 4476 1699 4551 devinxerat.
1749 4476 1923 4552 Videbam
1955 4484 2176 4551 canescentes

654 4602 816 4699 capillos,
851 4600 1006 4674 animum
1046 4598 1205 4673 videbam
1239 4623 1261 4671 a
1296 4598 1438 4672 iuvenili
1474 4596 1590 4696 vigore
1622 4595 1709 4670 nihil
1741 4604 1931 4684 remotum;
1958 4597 2078 4670 eadem
2106 4594 2177 4669 oris

658 4723 883 4808 lineamento,
918 4742 982 4793 neo
1018 4718 1180 4818 pauciora
1211 4718 1247 4791 in
1281 4720 1382 4791 vultu
1416 4715 1673 4791 benevolentiae
1708 4717 1826 4816 signa,
1862 4716 2019 4791 nonnihil
2057 4723 2175 4789 tamen

656 4847 848 4940 temperata
881 4838 1004 4914 aetatis
1037 4837 1083 4912 ad
1119 4837 1283 4912 maiorem
1319 4837 1408 4911 ritae
1447 4836 1649 4937 sapientiam
1670 4836 1942 4937 progressione,
1979 4835 2092 4911 adhuc
2112 4858 2175 4909 eae
