4959 6175
901 689 1180 763 ORATIO.
1754 690 1799 761 47

283 913 426 1017 quidem
450 905 637 1012 sophistica
657 906 725 985 etsi
746 905 961 1007 temporibus
982 902 1170 995 Hadriani,
1193 899 1338 979 fauens
1359 898 1415 977 sui
1434 904 1471 975 et
1489 899 1643 1001 patroni,
1667 900 1801 977 Romae

282 1036 319 1111 in
342 1032 463 1137 primis
494 1028 661 1119 effloruit,
686 1028 761 1103 eius
790 1034 908 1103 tamen
933 1050 1057 1103 causae
1087 1033 1123 1099 et
1155 1022 1325 1123 principia
1353 1020 1493 1097 dudum
1522 1018 1723 1111 adfuerant,
1757 1045 1803 1097 ex

283 1161 420 1231 mutato
441 1174 558 1227 rerum
580 1156 674 1225 statu
696 1145 891 1244 studiisque
913 1144 1107 1244 depravatis
1124 1142 1322 1243 repetenda
1358 1143 1435 1217 Iam
1455 1141 1497 1216 L.
1520 1140 1669 1217 Senecae
1690 1148 1803 1218 aetate

284 1273 503 1350 habebantur
528 1266 717 1343 multorum
746 1260 1029 1363 philosophorum
1063 1260 1198 1337 scholae
1230 1262 1418 1337 diversoria
1450 1263 1514 1337 otii
1531 1261 1602 1356 ⁴⁴),
1638 1260 1802 1338 videban-

283 1401 411 1493 turque
436 1389 495 1467 elii
517 1387 562 1463 ud
585 1383 795 1485 syllabarum
816 1380 1054 1493 distinctiones
1081 1385 1116 1455 et
1138 1379 1422 1458 coniunctionum
1445 1406 1486 1457 ac
1509 1382 1802 1483 praepositionum

283 1511 510 1613 proprietates
540 1502 777 1594 descendisse,
801 1501 957 1602 adeoque
981 1500 1146 1576 invidisse
1177 1499 1431 1601 grammaticis,
1455 1508 1497 1577 ut
1518 1502 1556 1578 in
1577 1502 1702 1578 horum
1728 1510 1802 1579 arte

283 1631 379 1731 quod
399 1648 689 1729 supervacaneum
709 1629 818 1713 esset,
841 1622 881 1697 id
901 1620 1159 1699 transtulissent
1182 1621 1220 1696 irr
1245 1644 1357 1696 susm.
1407 1622 1490 1701 Quo
1509 1622 1642 1699 fectum
1661 1630 1703 1697 ut
1723 1622 1801 1698 dili·

284 1750 424 1852 gentius
446 1748 573 1825 scirent
600 1746 652 1822 illi
684 1744 781 1845 loqui
805 1766 911 1844 qnam
935 1742 1064 1832 virere3
1092 1748 1132 1817 ut
1152 1749 1244 1818 esset
1263 1741 1500 1842 philosophiae
1521 1766 1632 1843 paene
1655 1743 1801 1820 invidio·

281 1894 361 1947 sum
385 1880 530 1959 nomem
555 1874 748 1968 postremo,
769 1870 812 1942 ut
836 1862 927 1963 ipss,
951 1885 1063 1961 quum
1087 1886 1163 1937 esse
1186 1862 1346 1937 desiisset
1365 1886 1428 1938 ars
1446 1865 1558 1953 ottae,
1582 1887 1603 1937 e
1627 1863 1744 1940 schola
1764 1865 1802 1941 in

281 2010 503 2065 communem
536 1984 736 2061 societatem
770 1980 930 2057 traducta
958 1980 1038 2079 plus
1073 1980 1158 2057 mali
1191 2004 1298 2080 quam
1334 1980 1418 2057 boni
1452 1982 1611 2060 efficeret.
1660 1983 1705 2058 In
1737 1984 1803 2061 hoc

280 2106 424 2208 quidem
447 2104 656 2181 nobilissimi
682 2102 787 2180 etiam
809 2100 891 2191 viri,
926 2100 1056 2200 quibus
1079 2108 1234 2176 ceterum
1265 2124 1337 2176 non
1363 2101 1482 2179 deerat
1514 2101 1605 2178 vitae
1629 2102 1803 2202 qusedam

279 2228 462 2328 integritas
484 2234 520 2303 et
540 2224 696 2327 probitas
713 2244 871 2311 morum,
896 2220 964 2295 sibi
983 2242 1059 2295 esse
1077 2218 1274 2319 philosophi
1297 2221 1525 2312 videbantur,
1548 2230 1591 2298 ut
1613 2220 1730 2300 dolore
1750 2226 1804 2301 rel
1903 2262 1907 2270 ι

279 2346 403 2423 morbo
429 2342 656 2445 insuperabili
684 2339 833 2439 correpti
856 2346 919 2415 eut
949 2337 1127 2415 exhaustis
1155 2346 1333 2415 senectute
1356 2341 1507 2432 viribus,
1544 2342 1661 2419 inedia
1693 2345 1803 2422 aliave

279 2465 437 2566 quaesita
467 2470 578 2539 morte
612 2462 719 2537 vitam
741 2459 892 2535 firment.
942 2458 1000 2534 Sic
1027 2458 1120 2533 cuim
1152 2458 1344 2570 putebants
1383 2460 1549 2562 simpetu
1582 2465 1734 2563 quodam
1767 2474 1804 2543 ct

278 2584 446 2661 instinctu
470 2606 668 2684 procurrere
692 2580 738 2657 ed
761 2585 935 2669 mortem,
950 2602 1137 2657 commune
1161 2603 1244 2655 cum
1268 2579 1408 2672 multis,
1443 2581 1632 2661 debboram
1657 2609 1737 2660 vero
1767 2593 1804 2661 et

279 2728 401 2783 causes
440 2703 516 2780 eius
550 2700 763 2804 expendere,
800 2706 910 2799 utque
942 2698 1229 2789 sussurratio,
1268 2698 1360 2777 vitae
1392 2701 1583 2802 mortisque
1618 2705 1803 2782 consilium

279 2824 453 2923 suscipere
474 2822 528 2901 rel
547 2845 691 2922 ponere,
711 2819 864 2919 ingentis
887 2825 941 2895 est
961 2818 1166 2913 animi”⁴³).
1203 2818 1307 2895 Illam
1327 2820 1454 2920 igitur,
1478 2830 1519 2897 ut
1538 2822 1663 2899 merito
1684 2832 1804 2903 vocata

278 2952 353 3035 est,
388 2946 525 3021 virtuts
559 2942 804 3042 amputem
838 2942 1121 3041 muscaeque
1154 2942 1312 3016 aem
1341 2941 1555 3042 respicienti,
1592 2944 1638 3020 sd
1667 2946 1804 3023 Nersae

278 3064 420 3142 Traiani
451 3062 611 3164 aequales
635 3058 893 3140 accommodare
919 3058 1018 3152 licet,
1053 3084 1143 3162 quse
1171 3059 1218 3138 de
1240 3059 1317 3138 iure
1345 3059 1549 3165 iustitisqne
1572 3072 1735 3167 vergente
1765 3090 1804 3144 re

278 3185 421 3285 publica
452 3185 536 3260 scite
570 3183 663 3260 dicta
695 3189 778 3260 sunt
793 3183 860 3280 ⁴⁰)r
894 3205 993 3260 verse
1024 3205 1279 3284 germanaeque
1314 3182 1550 3285 philosophise
1583 3187 1729 3262 solidam
1767 3193 1804 3264 et

223 3319 229 3330 ·
279 3329 480 3407 expressam
504 3303 654 3405 effigiem
682 3302 814 3379 nullam
838 3301 1023 3392 tenebant;
1049 3300 1174 3377 umbra
1196 3308 1233 3377 et
1255 3300 1469 3403 imaginibus
1491 3304 1691 3383 utebantur.

326 3425 676 3517 subversurus
700 3447 747 3500 ne
775 3420 881 3498 nimis
907 3445 968 3498 ros
992 3420 1189 3512 senseritis,
1222 3445 1339 3500 rerum
1363 3422 1462 3525 copis
1487 3431 1656 3524 quautam
1678 3424 1803 3526 gignat

276 3545 474 3624 verborurn
523 3545 568 3621 Id
589 3552 711 3622 tamen
735 3567 847 3621 unum
878 3543 967 3622 mihi
995 3545 1194 3636 concedite,
1228 3569 1379 3646 quaeso,
1416 3552 1457 3623 ut
1479 3570 1522 3622 ea
1548 3571 1640 3646 quae
1670 3546 1802 3646 passim

276 3666 535 3744 observavimus
563 3665 744 3742 vobiscum
777 3661 925 3742 strictim
957 3687 1165 3766 percurram.
1215 3665 1321 3741 Unde
1349 3665 1443 3742 enim
1467 3664 1620 3768 prolecto
1643 3674 1802 3743 estmoe

277 3786 402 3878 oratio,
437 3809 513 3862 esse
539 3785 647 3862 literis
678 3809 761 3862 eum
795 3784 952 3862 moribus
982 3783 1274 3862 necessitudinem
1306 3792 1459 3878 tantam,
1495 3793 1537 3864 ut
1560 3809 1643 3863 cum
1675 3787 1801 3864 horum

277 3905 476 4006 integritate
498 3904 603 3981 simul
620 3905 759 3982 illerum
783 3905 902 3982 studia
924 3905 1156 4006 depraventur
1185 3915 1221 3982 et
1250 3906 1420 4006 paulatim
1449 3905 1624 3998 occidant,
1648 3906 1687 3982 id
1714 3907 1802 3983 vidi·

281 4049 362 4102 mus
386 4027 521 4102 Nervae
544 4025 683 4103 'lheieni
705 4025 922 4128 temporibus
953 4025 1087 4127 liquido
1111 4027 1318 4105 confirmari
1367 4026 1531 4104 Vrdimus
1552 4026 1674 4118 etiam,
1703 4027 1802 4128 quod

278 4145 429 4222 maxime
453 4145 555 4221 nobis
578 4168 883 4245 proposueramus,
907 4169 1018 4245 quum
1041 4157 1121 4246 post
1139 4151 1278 4223 'usaem
1299 4155 1336 4222 et
1355 4147 1482 4224 infesta
1502 4147 1690 4224 vimutibus
1709 4155 1800 4223 tem·

279 4265 386 4364 pora”
410 4264 550 4364 ingenia
577 4264 685 4342 semel
712 4263 967 4365 obtorpuerint,
1001 4289 1126 4364 parum
1155 4289 1249 4356 esse,
1273 4266 1424 4366 pessimo
1453 4267 1606 4367 Principi
1626 4269 1800 4368 optimum

279 4383 502 4474 successisse,
537 4408 681 4485 parum,
716 4408 844 4485 pensos
880 4391 1051 4485 spectatos
1076 4385 1165 4460 viros
1196 4386 1372 4486 adspirare
1404 4386 1451 4461 ad
1476 4386 1597 4461 laudes
1629 4388 1801 4464 maiorum

281 4499 414 4603 suoque
437 4505 596 4605 exemplo
620 4503 768 4580 excitare
792 4504 898 4595 alios,
921 4503 990 4579 nisi
1011 4527 1081 4580 uns
1103 4527 1187 4580 cum
1208 4503 1354 4580 mutetis
1378 4502 1593 4603 temporibus
1618 4505 1664 4580 ad
1688 4531 1802 4582 mores

279 4629 488 4724 temperatos
520 4625 784 4726 moderatosque
815 4623 991 4702 civitatem
1024 4623 1187 4701 reducere
1220 4624 1367 4702 valeant.
1416 4624 1595 4700 Monstrat
1627 4624 1802 4701 iuventuti

281 4741 460 4820 Romanae
480 4751 561 4844 post
589 4744 725 4820 foedam
739 4741 945 4851 ‘Domitiani
966 4743 1184 4844 tyrannidem
1217 4744 1369 4835 desidis,
1393 4751 1568 4820 manserat
1597 4745 1808 4845 parentibus·

281 4862 318 4938 in
352 4863 472 4942 liberis
503 4864 694 4942 educandis
729 4865 966 4968 neglegentis,
1002 4873 1176 4945 manarat
1208 4866 1336 4946 artium
1367 4865 1568 4943 dootonbus
1598 4865 1798 4954 inscientis,
