4959 6175
900 641 1180 714 enarro.
1741 615 1806 722 irs

271 853 339 932 atsi
361 877 586 954 nequaquam
607 851 704 954 parri
726 849 796 928 sint
812 849 988 942 iacienda,
1013 875 1084 932 non
1103 850 1204 932 unica
1221 850 1373 951 pandora
1390 849 1652 950 disciplinarum
1669 851 1805 935 cultam

269 983 307 1053 et
337 973 551 1052 Academiae
582 971 741 1074 gloriam.
789 971 874 1052 Nou
910 972 1019 1052 semel
1050 997 1120 1054 usu
1151 972 1246 1054 venit
1278 972 1385 1056 utin
1414 969 1806 1072 angustationem

270 1095 544 1196 praeclarissima
567 1117 726 1192 quaeque
744 1091 814 1170 siat
833 1101 981 1192 peracte.
1032 1094 1203 1176 Nostrum
1220 1092 1330 1192 igitur
1346 1100 1403 1176 erl
1418 1100 1594 1192 quotquot
1609 1088 1806 1192 disciplinis

269 1215 426 1294 colendis
453 1238 608 1315 opernm
646 1213 795 1302 damna,
834 1213 1000 1292 omnibus
1044 1213 1177 1294 uiribus
1218 1213 1334 1296 aoaiti
1373 1219 1414 1296 ut
1450 1213 1627 1312 quidquid
1663 1211 1805 1297 alands

270 1335 411 1412 mmor
442 1359 505 1435 per
537 1343 674 1408 nosmet
705 1333 799 1432 ipsos
832 1357 1097 1436 compensemus
1129 1342 1166 1408 at
1194 1331 1406 1432 expleamus.
1457 1334 1608 1419 Qusirr
1644 1340 1691 1414 ω’
1717 1334 1804 1435 qnid

270 1455 401 1556 singuli
427 1463 607 1544 nostrum,
639 1452 802 1553 Collegae
832 1451 1107 1532 honoratissimi!
1141 1450 1397 1552 praestiterint,
1427 1476 1548 1534 meum
1577 1477 1648 1528 non
1671 1463 1728 1535 est
1749 1479 1803 1532 re·

267 1599 420 1653 consus.
470 1575 586 1650 Nemo
613 1582 729 1648 umen
755 1597 858 1673 aegre
881 1573 988 1662 leret,
1012 1571 1084 1652 iuro
1111 1596 1233 1652 amoos
1257 1580 1442 1672 expectant
1457 1597 1514 1648 ma
1530 1572 1616 1662 tibi,
1639 1574 1804 1656 caninos·

268 1697 404 1772 tissima
438 1716 639 1768 naucrson
671 1718 861 1768 asoarius
893 1693 1103 1770 nnunruusl
1138 1691 1253 1791 operis
1279 1691 1316 1766 in
1343 1693 1465 1792 poncia
1489 1693 1630 1782 enimi,
1665 1693 1803 1793 Hippo·

267 1816 475 1894 craticorum
496 1814 661 1890 librorum
685 1813 869 1888 voluminis
888 1813 993 1913 primi
1013 1813 1201 1886 editionem
1221 1811 1419 1886 absolutam
1441 1812 1620 1912 gratulari.
1656 1813 1802 1891 Utinam

268 1936 336 2012 tibi
354 1936 534 2035 contingat
555 1957 675 2007 eorum
693 1958 783 2032 quae
803 1932 937 2033 reliqua
959 1939 1041 2006 sunt
1063 1931 1250 2006 editionem
1268 1931 1413 2008 feliciter
1431 1933 1477 2007 ad
1491 1934 1598 2008 linem
1612 1933 1801 2033 perducere

267 2071 375 2154 atquc
411 2054 460 2130 sic
491 2053 650 2152 exemplo
687 2061 749 2130 tuo
781 2077 852 2126 non
880 2051 950 2130 tuis
976 2051 1089 2130 solnm
1115 2075 1234 2128 verum
1258 2060 1417 2128 nostrum
1436 2052 1598 2128 omnium
1623 2051 1803 2151 discipulis

267 2173 471 2262 ostendere,
502 2171 591 2272 qnid
621 2172 732 2248 valeat
765 2171 947 2272 improbus
978 2170 1076 2246 labor
1106 2195 1188 2248 cum
1221 2169 1355 2270 ingenii
1381 2172 1542 2250 acumine
1565 2182 1602 2246 et
1624 2171 1802 2257 doctrinas

268 2293 442 2394 elegantia
465 2291 693 2368 coniunctusl
1348 2359 1354 2370 ,

234 2411 235 2414 ’
313 2413 443 2488 Facilis
466 2411 555 2488 mibi
576 2422 630 2486 est
653 2411 705 2486 ita
725 2437 747 2488 a
768 2411 975 2488 docentibus
994 2411 1043 2486 sd
1069 2409 1259 2510 discipulos
1284 2410 1464 2489 transitus.
1515 2411 1573 2486 Ex
1593 2411 1803 2488 Academiae

266 2541 406 2608 assuas
447 2532 613 2608 studiosis
653 2541 724 2608 tres
763 2531 830 2608 hoc
862 2556 954 2608 anno
985 2539 1095 2610 morte
1127 2530 1339 2610 occubuere:
1376 2551 1491 2609 naras
1524 2554 1648 2622 anun,
1677 2532 1801 2608 Kollu-

265 2654 398 2730 mensis
432 2653 586 2742 Frisios,
619 2636 704 2728 Litt.
732 2659 772 2728 et
799 2651 918 2728 Theoi.
950 2649 1068 2740 stud,
1102 2673 1298 2728 sosarnus
1329 2672 1512 2726 masuras
1540 2675 1679 2740 soona,
1716 2653 1801 2728 Znt·
1857 2724 1863 2730 .

264 2775 563 2876 pinnis-Galrus,
583 2772 978 2862 lur.Csnd.,et1auns
994 2793 1187 2848 coumnns
1203 2791 1496 2862 wmnnuvaucrr,
1510 2797 1532 2844 e
1548 2797 1639 2871 pago
1656 2771 1805 2849 Aduard

265 2894 539 2994 (leoninganns,
574 2893 673 2968 Med.
710 2893 836 2982 Stud,
871 2917 1022 2991 quorum
1056 2891 1174 2968 obitus
1208 2891 1434 2992 parantibus,
1474 2892 1650 2990 cognatis,
1683 2891 1804 2969 amicis

270 3015 551 3092 luctuosissimus
568 3013 745 3091 neminem
765 3022 924 3091 nuruum
946 3013 1016 3091 non
1035 3010 1232 3091 commovit.
1271 3012 1337 3088 Est
1353 3035 1436 3086 sone
1453 3012 1550 3111 qnod
1565 3011 1803 3111 gaudeamus,

208 3172 211 3175 ·
268 3136 370 3237 qnod
402 3136 455 3211 bis
485 3134 668 3235 postremis
693 3134 893 3224 mensibus,
918 3158 1030 3233 quum
1054 3132 1230 3211 innumeri
1249 3133 1341 3209 ciros
1364 3132 1475 3207 nostri
1500 3142 1536 3207 st
1558 3133 1803 3209 circumiacent

268 3257 361 3331 tium
394 3256 574 3355 regionum
606 3254 738 3330 incolae
774 3252 904 3327 morbis
929 3252 1125 3329 laborarent
1148 3252 1202 3327 sel
1222 3251 1331 3328 etiam
1354 3275 1450 3325 nnnc
1473 3249 1632 3325 laborent
1638 3309 1651 3345 ,
1677 3260 1713 3325 et
1741 3252 1801 3327 de.

264 3374 466 3453 iunctorum
499 3376 536 3448 in
570 3374 635 3451 hac
669 3374 757 3449 urbe
785 3356 952 3451 numerus
987 3396 1127 3473 quaque
1154 3371 1373 3447 hebdomade
1395 3381 1497 3447 sueto
1523 3396 1669 3446 numero
1693 3372 1802 3471 duplo

262 3504 326 3572 ant
354 3496 428 3571 lare
461 3496 567 3594 triplo
600 3494 711 3574 maior
738 3494 809 3584 ait,
841 3494 1006 3571 inventus
1039 3502 1158 3570 nostra
1188 3492 1386 3570 academica
1409 3516 1479 3598 non
1503 3501 1640 3572 tantum
1663 3494 1801 3569 nullum

263 3614 436 3689 mmnum
458 3615 505 3689 sit
525 3640 647 3715 passa,
674 3639 794 3691 varum
819 3614 926 3691 etiam
951 3614 1120 3714 impedita
1144 3612 1283 3690 nonsit
1308 3612 1499 3711 quominus
1522 3614 1569 3689 ad
1593 3613 1688 3689 hunc
1709 3616 1799 3691 Asa·

266 3734 401 3810 demiae
425 3735 519 3810 diem
547 3737 698 3811 natalem
724 3760 805 3809 cum
830 3734 907 3810 aliis
929 3735 1023 3809 ludis
1045 3744 1122 3813 tum
1145 3734 1268 3810 festiva
1289 3756 1353 3833 per
1377 3733 1502 3809 urbam
1527 3734 1697 3810 illustrem
1720 3758 1799 3833 pro·

262 3857 420 3933 cessione
452 3856 699 3931 celebrandum
731 3881 770 3929 sa
799 3856 1003 3955 accingeret.
1055 3856 1102 3929 Et
1130 3854 1184 3929 vol
1206 3855 1257 3931 sic
1284 3862 1422 3943 umen,
1447 3856 1596 3929 luvenss
1621 3866 1799 3954 praestan·

263 3976 412 4068 tissimi,
430 3977 600 4053 mnasimi
617 3976 888 4065 commilitones,
905 3974 1053 4053 emedio
1074 3984 1186 4055 vostro
1205 3974 1367 4075 abreptos
1386 3998 1497 4073 quum
1513 3974 1692 4063 recordor,
1714 3983 1801 4074 quot

263 4096 422 4173 subeunt
452 4097 683 4197 cogitationes
714 4120 804 4196 quaa
832 4096 885 4173 vel
912 4094 1029 4173 invitis
1051 4096 1153 4173 nobis
1178 4118 1214 4173 se
1238 4094 1453 4183 obtrudunt,
1479 4103 1565 4193 quot
1590 4095 1677 4171 milri
1701 4120 1799 4177 recca

264 4217 387 4291 audire
423 4218 541 4291 videor
574 4217 805 4317 gaudentium
841 4215 988 4315 strepitu
1020 4217 1124 4291 altius
1158 4216 1347 4290 clamantes
1380 4222 1415 4287 ot
1446 4239 1511 4288 nos
1544 4216 1722 4291 hortantes
1753 4240 1799 4294 uc

266 4336 505 4435 voluptatibus
540 4339 606 4413 toti
639 4338 749 4411 dediti
781 4336 922 4411 acerbos
958 4335 1059 4410 nobis
1091 4360 1255 4435 paramus
1288 4335 1443 4424 dolores,
1475 4345 1727 4435 monentesque
1753 4362 1798 4411 ne

264 4455 388 4530 laudes
420 4456 564 4555 quidem
597 4456 863 4557 diligentissimo
896 4456 1012 4531 labore
1046 4465 1163 4557 partas
1194 4482 1215 4531 a
1252 4464 1361 4530 morte
1392 4481 1456 4530 nos
1482 4467 1577 4531 tutos
1603 4483 1736 4533 servare
1762 4466 1797 4533 el
1948 4493 1953 4502 =

265 4574 444 4651 interdum
466 4602 655 4674 paucorum
678 4578 782 4653 modo
808 4577 943 4651 diarum
964 4576 1143 4651 intervallo
1169 4601 1232 4652 nos
1258 4574 1408 4673 separari
1430 4600 1451 4649 a
1475 4577 1644 4676 sepulcro.
1695 4581 1796 4657 Quae
1888 4561 1895 4574 Ι

266 4719 380 4794 quum
406 4696 456 4770 ita
486 4697 576 4799 sint,
605 4698 730 4797 optimi
752 4699 1019 4774 Adolescentesl
1043 4724 1066 4772 ο
1091 4699 1226 4773 utinam
1250 4706 1286 4772 st
1313 4721 1372 4771 vos
1399 4704 1436 4770 et
1462 4722 1525 4772 nos
1547 4723 1669 4798 omncs
1694 4706 1795 4799 quot·

266 4822 353 4913 quot
384 4838 528 4903 sumus,
562 4840 700 4891 summo
730 4816 846 4891 studio
871 4817 908 4890 id
936 4842 1046 4892 unum
1068 4826 1294 4917 appetamus,
1320 4824 1361 4890 ut
1375 4812 1414 4890 'si
1435 4817 1522 4893 forte
1548 4818 1716 4894 maturius
1743 4818 1796 4892 vel

1557 4938 1628 5011 22*
