4959 6175
882 656 1159 771 celric.
1599 677 1605 695 '
1737 692 1781 763 ar

268 906 461 1007 pertinent,
492 902 562 985 non
587 910 804 1009 frequentius
826 913 937 987 cultas
961 936 1056 999 esse,
1080 935 1150 986 non
1178 894 1399 1007 diligentius,
1424 930 1495 1011 uon
1519 904 1652 981 felicius
1674 926 1786 1003 quam‘

268 1027 336 1103 aub
360 1028 560 1105 beatissimo
582 1030 726 1131 imperio
747 1032 895 1109 Traiani.
945 1036 1064 1131 Atque
1088 1032 1137 1107 ite
1161 1030 1279 1105 literae
1304 1026 1411 1102 videri
1434 1033 1593 1127 poteraut
1614 1014 1783 1123 recepisse

268 1148 427 1246 patriam.
478 1150 548 1225 Sed
578 1152 673 1227 aliud
712 1159 766 1226 est
799 1152 945 1249 petriam
982 1150 1129 1239 habere,
1165 1150 1261 1224 aliud
1297 1148 1456 1247 spiritum
1492 1154 1527 1221 et
1566 1143 1782 1244 sanguinem.

185 1328 189 1335 .
269 1268 458 1369 Utcunque
480 1278 600 1369 coepta
624 1278 706 1345 suut
730 1270 868 1345 unani
888 1270 1004 1345 seculo
1029 1270 1144 1345 studia
1174 1292 1281 1369 prope
1311 1268 1481 1343 exstincta
1502 1265 1663 1353 refoveri,
1690 1262 1786 1338 virile

269 1414 375 1465 suum
400 1388 506 1464 robur
531 1398 567 1463 et
588 1413 710 1465 nervos
733 1414 802 1465 nou
828 1391 939 1489 magis
961 1389 1021 1465 illa
1052 1394 1317 1489 recuperarunt,
1343 1411 1450 1486 quam
1475 1387 1653 1484 antiquam
1686 1407 1786 1458 suam

270 1510 432 1583 virtutem
455 1516 491 1581 et
514 1508 602 1595 bene
634 1518 784 1585 moratos
808 1511 897 1585 viros
932 1510 1070 1598 civitas;
1101 1510 1159 1582 rin
1184 1513 1256 1607 qua
1285 1508 1356 1582 iam
1390 1506 1524 1607 pridem
1552 1530 1622 1579 non
1652 1504 1787 1578 minora

269 1626 443 1727 praemia,
478 1627 586 1702 immo
620 1628 770 1719 maiora,
805 1630 961 1729 nequitia
992 1638 1027 1705 et
1059 1629 1281 1728 improbitas,
1318 1652 1425 1727 quam
1459 1626 1572 1725 pudor
1598 1633 1634 1699 et
1661 1624 1795 1711 virtusr'

271 1745 446 1821 hebebant
460 1748 530 1840 8).”
580 1734 681 1827 Quae
705 1749 768 1824 ubi
790 1751 941 1825 eundem
968 1750 1122 1825 Plinium
1148 1757 1221 1824 tam
1254 1748 1381 1821 diserte
1410 1754 1594 1820 testantem
1618 1743 1787 1843 legimus,

270 1866 377 1943 seculi
400 1868 456 1941 sui
477 1867 572 1943 haud
597 1892 679 1943 saue
702 1869 813 1944 levem
839 1870 1124 1969 vituperatorem,
1155 1868 1242 1965 quid
1267 1863 1455 1941 a'sstiricis
1476 1872 1539 1938 aut
1565 1862 1788 1963 scriptoribus

269 1995 331 2061 aut
363 1989 494 2088 poetis,
528 1988 615 2087 quid
651 1988 696 2063 ab
728 1989 804 2065 aliis
835 2013 905 2064 nou
932 1988 982 2064 ite
1006 1986 1183 2066 veracibus
1216 1985 1415 2061 auctoribus
1442 1985 1679 2059 confirmatam
1715 2008 1788 2057 rem

269 2114 399 2182 certam
424 2108 592 2203 velimus?

319 2228 390 2301 Sed
411 2210 625 2327 rumpendae
646 2228 788 2302 tandem
813 2252 929 2303 morae
960 2235 1062 2315 sunt,
1087 2235 1123 2301 et
1155 2227 1201 2301 ad
1224 2226 1301 2325 ipsa
1324 2223 1500 2297 literarum
1525 2222 1789 2322 studiorumque

270 2346 476 2443 penetralia,
502 2353 542 2420 ut
565 2346 614 2421 ita
638 2345 768 2432 dicam,
793 2345 1038 2421 accedendum

319 2466 353 2539 A
378 2464 493 2537 Musis
514 2464 622 2562 igitur
646 2470 685 2537 ut
707 2464 884 2552 ordiamur
904 2470 1008 2562 atque
1041 2488 1061 2538 e
1093 2464 1212 2537 multis
1236 2462 1436 2539 nominibus
1465 2462 1603 2535 nonnisi
1631 2462 1789 2537 illustris·

272 2584 360 2658 sima
384 2582 596 2680 deligamus,
621 2606 719 2671 ecce,
752 2582 1109 2683 circumspicientibus
1131 2596 1306 2682 comparet
1331 2583 1449 2657 statim
1475 2590 1656 2681 poetarum
1686 2582 1791 2657 buius

273 2700 377 2776 seculi
409 2700 507 2775 lacile
538 2699 699 2799 princeps
723 2724 760 2775 n.
784 2724 909 2777 ruurva
928 2707 1145 2778 'inversura
1195 2703 1354 2778 Acerbus
1376 2703 1493 2802 potius
1517 2728 1622 2801 quam
1653 2727 1791 2777 severus

271 2822 456 2920 castigator
477 2844 631 2909 morum,
656 2829 710 2896 est
732 2822 790 2896 ille
816 2822 956 2920 quidem
981 2822 1084 2921 paulo
1106 2821 1335 2898 luxurianticr
1363 2833 1399 2897 et
1420 2822 1567 2897 Horatio
1597 2821 1723 2921 leporis
1756 2831 1792 2897 et

238 2922 248 2933 l
272 2939 479 3016 urbanitatis
497 2940 661 3016 laudibus
681 2941 837 3030 inferior,
862 2941 924 3015 sed
943 2942 1093 3041 eleganti
1111 2941 1281 3017 suavitate
1302 2949 1338 3015 et
1355 2940 1522 3040 gravitate
1542 2940 1792 3016 sententiarum

272 3060 439 3159 quicum
466 3060 644 3136 Venusino
665 3069 742 3138 vate
766 3070 1001 3162 comparetur,
1027 3062 1149 3162 utique
1173 3086 1276 3138 nemo
1301 3060 1448 3161 dignior.
1497 3062 1578 3137 Non
1609 3060 1792 3137 laudamus

273 3179 403 3254 Catulli
427 3181 571 3281 vestigia
592 3191 814 3282 persecutum
838 3205 1030 3258 vanmucu
1049 3205 1286 3270 sranrrarnrr,
1322 3182 1385 3257 ubi
1411 3181 1567 3257 animum
1593 3182 1640 3256 ad
1664 3182 1791 3281 tmpis·

272 3299 396 3374 simam
433 3301 666 3378 adulationem
694 3303 925 3392 advertimus,
950 3327 1020 3402 que
1045 3303 1099 3378 vel
1125 3303 1387 3390 Domitianum,
1418 3303 1604 3392 immanem
1629 3302 1788 3389 beluam,

270 3417 315 3494 ad
339 3420 473 3495 coelum
498 3423 623 3496 extulit
630 3457 641 3511 ;
667 3422 783 3498 taedet
807 3423 911 3498 etiarn
935 3423 1178 3498 obscoenitatis
1204 3432 1239 3498 et
1263 3421 1496 3511 scurrilitatis,
1520 3423 1566 3496 ed
1591 3446 1680 3520 qaae
1707 3422 1791 3495 vitia

271 3539 378 3614 seculi
405 3540 460 3614 sui
485 3542 646 3640 pravitati
675 3542 779 3617 nimis
804 3542 990 3642 indulgens
1016 3568 1052 3618 se
1083 3568 1205 3643 passus
1236 3550 1290 3616 est
1315 3541 1467 3641 prolabi;
1494 3541 1561 3616 sed.
1583 3527 1703 3615 leudes
1728 3539 1789 3615 bo-

272 3659 374 3735 minis
397 3661 586 3759 ingeniosi,
609 3663 721 3750 acuti,
743 3663 849 3752 acris,
875 3673 910 3736 et
931 3664 992 3762 qui
1012 3663 1199 3762 plurimum
1223 3663 1261 3736 in
1285 3660 1465 3735 scribendo
1484 3670 1520 3734 et
1543 3662 1624 3736 salis
1648 3660 1790 3736 baberet

272 3786 307 3852 et
331 3777 420 3853 fellis
441 3779 491 3870 ⁰),
529 3803 598 3854 non
631 3780 804 3855 immerito
823 3781 873 3874 ,ci
910 3781 1009 3856 datas
1042 3805 1146 3870 esse,
1170 3781 1330 3856 lubenter
1361 3790 1397 3856 ct
1433 3782 1522 3855 ultro
1556 3782 1788 3858 concedimus.

274 3897 409 3974 Quodsi
434 3907 644 3975 restaurasse
672 3901 927 3999 quodammodo
961 3903 1134 3978 Iuvenalis
1167 3904 1320 4002 poeticae
1355 3927 1467 4002 genua
1494 3902 1670 3991 videatur,
1694 3902 1790 4002 quod

273 4025 355 4092 ante
385 4018 499 4116 ipsum
530 4045 600 4094 non
634 4021 796 4096 floruerat
828 4023 960 4121 magis,
993 4024 1088 4122 quod
1123 4048 1204 4098 curn
1238 4024 1314 4123 ipso
1343 4023 1485 4112 florere,
1518 4023 1625 4098 immo
1651 4047 1727 4097 ease
1751 4023 1788 4097 in

271 4136 406 4212 Latinis
434 4139 539 4214 literis
567 4139 689 4228 desiit;
715 4148 846 4239 quanto
870 4141 998 4228 maiore
1022 4143 1096 4226 iure
1123 4169 1145 4216 a
1167 4143 1327 4218 Martiale
1351 4142 1489 4218 condita
1514 4141 1666 4217 carmina
1696 4141 1787 4217 dica·

272 4281 369 4344 mus,
395 4259 511 4352 Musis
533 4260 668 4336 Ietinis
698 4285 811 4360 neque
834 4269 937 4335 antee
960 4262 1099 4361 cognita
1123 4265 1283 4350 omnino,
1316 4287 1381 4337 nec
1404 4262 1472 4335 nisi
1497 4261 1625 4359 dispari
1649 4285 1789 4360 prorsus

274 4375 436 4453 successu
462 4380 605 4478 posthac
640 4380 799 4455 exculta?
848 4381 925 4456 Iam
957 4383 1080 4456 tertius
1110 4383 1251 4456 accedat
1282 4380 1319 4455 in
1352 4382 1489 4464 illorum
1515 4379 1702 4456 amicitiam
1726 4382 1788 4456 ad·

272 4497 420 4596 scriptus
443 4522 611 4576 rranrccs
635 4523 773 4589 armus,
798 4525 1008 4600 quamquam
1031 4489 1113 4576 suae
1134 4502 1201 4576 sibi
1226 4499 1471 4576 mediocritatis
1494 4500 1651 4574 conscius
1676 4500 1789 4599 gradu

271 4617 403 4691 accedit
427 4619 603 4718 aliquanto
627 4621 785 4696 tardiore.
836 4622 992 4696 Primum
1019 4623 1190 4697 Ciceronis
1214 4620 1373 4697 aemulus
1404 4619 1549 4695 summis
1573 4620 1788 4719 eloquentiae

272 4736 435 4812 laudibus
466 4739 600 4829 floruit3
641 4751 718 4816 tum
757 4743 909 4818 studiosa
947 4743 1125 4831 imitatus,
1154 4767 1283 4845 parum
1318 4751 1497 4816 assecutus
1533 4764 1638 4840 quem
1671 4746 1788 4814 sancte

271 4856 406 4932 colebat
427 4857 640 4959 Vergilium,
672 4861 825 4938 carmine
848 4862 1024 4962 scripsisse
1054 4863 1181 4940 maiore
1213 4886 1296 4938 cure
1325 4869 1431 4960 quam
1463 4860 1603 4960 ingenio
1634 4867 1787 4958 putatur.
