4959 6175
811 667 1172 746 ''onaulm
1726 684 1792 757 121

266 889 320 966 sel
348 887 387 962 in
415 887 494 988 ipsa
518 884 716 988 ngnnmu
739 884 953 984 expositione
978 894 1077 964 erant
1099 885 1309 978 difficiliora,
1334 886 1555 978 antemisit,
1579 897 1642 966 aut
1671 891 1792 968 leviter

265 1014 405 1088 annm
435 1004 571 1106 tetigit,
608 1018 645 1081 et
674 1003 834 1080 universe
870 1003 982 1104 magis
1017 1014 1197 1083 externam
1227 1007 1450 1084 Theoemtiae
1481 1007 1650 1100 formam,
1682 1035 1792 1110 quam

264 1129 438 1204 internam
458 1126 536 1202 mus
556 1124 709 1200 indolem
734 1124 905 1225 exposuit.
954 1125 999 1200 In
1024 1126 1224 1202 hierarchiis
1249 1133 1405 1204 vabrum
1430 1126 1590 1226 gentium
1616 1129 1790 1230 explican-

215 1318 219 1327 .
266 1247 321 1324 dia
339 1246 491 1347 plurima
513 1245 560 1320 ad
581 1268 701 1320 emam
723 1243 957 1344 cognitionem
980 1245 1173 1336 necessaria
1194 1245 1328 1322 auctori
1344 1247 1547 1337 defuerunt,
1567 1271 1638 1348 quo
1658 1248 1793 1326 iactum

267 1375 341 1457 cat,
374 1373 415 1440 ut
444 1364 563 1440 minna
591 1361 770 1453 accurate,
802 1369 880 1438 tum
906 1387 997 1463 quae
1021 1363 1065 1438 iia
1089 1363 1219 1440 fuerint
1247 1365 1384 1466 propria
1405 1366 1597 1457 illustrare,
1621 1374 1700 1446 tum
1717 1368 1791 1444 ius·

269 1496 342 1566 um
361 1486 454 1564 inter
471 1483 535 1560 bas
552 1491 590 1559 et
608 1481 847 1559 'l'heocrotiam
857 1482 1096 1558 lamentatum
1117 1484 1412 1583 comparationem
1429 1486 1611 1562 instituere
1629 1486 1793 1586 potuerit.

267 1608 361 1706 Ergo
392 1606 478 1682 haec
515 1602 725 1704 disputabo,
760 1600 919 1700 quamvis
952 1601 1037 1679 satis
1071 1601 1161 1678 bene
1191 1602 1350 1703 scripta,
1374 1612 1411 1680 et
1441 1605 1592 1682 auctoris
1621 1605 1794 1684 industria

268 1725 444 1824 animique
467 1724 595 1824 pietate
620 1721 830 1823 probabilis,
854 1721 1007 1821 praemio
1028 1720 1230 1822 dignanon
1254 1722 1408 1800 iudicata
1432 1730 1498 1801 est.

315 1846 438 1921 Altera
468 1842 732 1932 commentatio,
766 1846 825 1922 cui
852 1846 1051 1945 symbolum
1083 1855 1138 1922 est
1164 1847 1262 1923 locus
1290 1848 1392 1924 Pauli
1411 1849 1457 1924 ad
1481 1849 1559 1926 Gal.
1583 1847 1647 1925 IV.
1675 1873 1724 1925 vs.
1751 1853 1793 1940 1,

268 1964 444 2042 doctrinae
465 1963 580 2062 copia,
605 1961 738 2062 ingenii
757 1965 917 2042 acumine
938 1974 974 2042 et
999 1966 1149 2044 sollertia
1171 1959 1247 2044 sese
1269 1967 1517 2068 commendat⁸¹
1548 1969 1631 2043 Non
1654 1973 1794 2044 tantum

269 2085 420 2160 dicamas
443 2081 610 2170 aliorum,
634 2082 740 2158 etiarn
762 2084 991 2160 recentiorum
1014 2085 1221 2185 scriptorum
1244 2086 1433 2162 sententias
1454 2086 1630 2162 consuluit
1653 2092 1793 2176 auctor,

269 2204 331 2280 sed
357 2202 465 2279 etiam
490 2225 567 2276 suo.
581 2201 707 2293 ωοᾶο,
732 2227 834 2302 sacpa
858 2211 980 2293 acute,
1003 2181 1257 2304 nonnunqbam
1283 2204 1389 2282 nimis
1413 2205 1534 2282 leviter
1552 2212 1588 2282 et
1608 2205 1792 2296 audenter,

269 2321 489 2410 diiudicabit,
518 2319 758 2410 difficultates,
783 2323 932 2398 maxime
956 2323 994 2398 in
1026 2324 1140 2423 pn'ma
1168 2324 1367 2424 argumenti
1389 2331 1506 2424 parte,
1530 2324 1698 2423 plurimes
1716 2349 1794 2424 per·

270 2442 400 2543 spexit,
423 2464 552 2539 easque
570 2440 689 2517 nuere
714 2450 859 2518 conatus
880 2450 953 2532 cst3
977 2450 1056 2519 tum
1078 2443 1183 2520 etiarn
1213 2442 1383 2543 principia
1406 2450 1443 2518 et
1463 2442 1662 2518 interiorem
1682 2441 1795 2522 Theo·

269 2561 395 2671 arabae
426 2561 664 2638 Israelitarum
692 2569 853 2639 naturam
884 2563 1115 2664 pervestigare
1138 2571 1174 2642 et
1196 2562 1368 2663 explicare
1396 2563 1542 2638 studuit
1594 2563 1686 2638 Cum
1715 2562 1801 2639 doc·

270 2681 378 2758 ulnae
414 2680 513 2780 copia
552 2680 647 2755 hand
679 2704 757 2756 raro
793 2689 909 2761 tamen
943 2683 1121 2782 quoddam
1153 2683 1308 2781 partium
1339 2681 1519 2770 studium,
1549 2705 1631 2758 cum
1662 2681 1797 2782 ingenii

270 2799 429 2878 acumine
465 2799 638 2899 quaedam
671 2799 792 2876 iudicii
826 2796 1002 2878 temeritas
1031 2802 1218 2878 coniuncta
1247 2802 1393 2879 videtur.
1443 2801 1561 2878 Etiam
1587 2801 1799 2882 fundamen·

270 2928 346 2996 tum
377 2919 600 2996 Theocratiae
626 2919 831 2998 historicum
855 2929 892 2998 et
914 2921 1117 3023 religionum
1140 2946 1267 3023 parum
1292 2921 1453 2998 attendit.
1503 2921 1548 2997 In
1571 2920 1728 2998 fontibus
1749 2919 1797 2998 ad

270 3048 424 3118 aeterum
463 3037 734 3117 hierarchiarum
770 3039 1001 3142 cognitionem
1036 3041 1245 3123 adhibendis
1277 3041 1397 3119 minus
1430 3039 1599 3141 diligens,
1635 3065 1694 3117 eas
1726 3063 1804 3117 non

272 3184 407 3261 semper
435 3168 529 3237 recte
559 3161 739 3261 exposuit,
770 3186 886 3260 neque
912 3162 1031 3237 omnia
1060 3161 1197 3253 attulit,
1230 3186 1321 3262 qnae
1344 3161 1390 3239 ad
1412 3160 1544 3237 iustam
1570 3159 1798 3261 comparatio·

271 3304 351 3357 nem
378 3280 632 3357 instituendam
660 3280 935 3381 requirebantur.
984 3282 1145 3382 Lingua,
1171 3306 1243 3382 qua
1269 3306 1354 3357 usus
1381 3287 1435 3357 est
1457 3280 1620 3380 scriptor,
1645 3279 1738 3357 vitiis
1760 3287 1797 3359 et
1855 3276 1858 3283 ’

272 3400 432 3477 sordibus
462 3424 533 3477 non
566 3407 673 3477 vacat.
724 3402 817 3477 Cum
848 3426 932 3503 ergo
959 3401 1073 3477 multa
1095 3401 1133 3476 in
1156 3401 1221 3477 hac
1243 3401 1533 3477 commentatione
1560 3400 1795 3477 desideraren-

273 3526 348 3611 tur,
380 3544 527 3621 aurcum
552 3519 695 3619 quidem
726 3521 921 3621 praemium
952 3522 986 3597 ei
1016 3521 1125 3597 tribui
1150 3545 1222 3596 non
1250 3520 1385 3619 potuita
1410 3544 1522 3621 quum
1544 3527 1662 3596 tamen
1685 3520 1797 3597 multa

273 3639 308 3717 iu
338 3664 381 3717 ea
411 3640 588 3716 laudanda
613 3648 748 3729 essent,
774 3642 901 3717 mentis
924 3642 1103 3731 alacritas,
1127 3639 1237 3717 animi
1262 3640 1409 3728 candor,
1435 3638 1626 3737 iudiciique
1646 3664 1794 3717 acumen

273 3756 309 3833 in
340 3759 631 3835 commentatione
663 3765 780 3835 essent
807 3759 1014 3858 conspicua,
1047 3758 1153 3859 digna
1188 3758 1272 3834 haec
1295 3758 1447 3835 iudicata
1469 3765 1543 3851 eat,
1568 3766 1609 3833 ut
1629 3759 1792 3838 secundis

274 3876 460 3953 bonoribus
482 3886 674 3955 ornaretur.
1657 3888 1660 3897 “

320 4000 452 4098 Aperta
468 4058 474 4075 .
489 3998 622 4075 acidula
654 4007 691 4075 et
724 3999 886 4075 instituto
916 3998 1075 4077 examine
1105 3996 1307 4097 scriptoram
1334 4020 1409 4073 sese
1430 3996 1589 4097 probavit
1611 4020 1794 4075 nauarcns

277 4140 392 4207 coar,
417 4117 625 4218 Theologiae
648 4119 866 4195 Candidatus
887 4119 925 4194 in
945 4117 1135 4195 Academia
1157 4116 1490 4217 Lagnum-Batava

323 4359 394 4435 Vos
418 4383 557 4458 qnoque
582 4358 823 4435 lubentissime
847 4357 1035 4459 compello,
1061 4354 1282 4431 ornatissimi
1307 4376 1479 4431 monnau
1501 4360 1537 4428 et
1564 4377 1674 4431 coar.

321 4478 376 4553 De
410 4478 671 4578 quaestionibus
706 4504 750 4555 ex
780 4477 922 4553 historia
951 4486 988 4551 et
1025 4501 1070 4551 ex
1099 4474 1207 4551 literis
1242 4472 1466 4549 orientalibus
1493 4474 1544 4549 ita
1568 4473 1794 4576 disputantis,

278 4603 317 4671 ut
348 4598 523 4673 iudicibus
560 4599 682 4674 vestris
714 4606 879 4697 argenteo
914 4620 1061 4671 nummo
1094 4592 1240 4671 ornandi
1275 4617 1350 4668 esse
1388 4581 1602 4670 videremini.
1655 4594 1795 4675 Horum

278 4716 436 4814 precibus
465 4718 591 4793 annuit
622 4719 699 4793 Rex
718 4718 1029 4818 Angustissimna.
1080 4713 1237 4813 Accipite
1271 4712 1398 4813 igitur,
1431 4712 1494 4812 qui
1516 4712 1687 4813 Principia
1709 4714 1795 4791 libe·

277 4835 402 4913 ralitati
433 4835 603 4927 debetur,
635 4862 831 4915 nummum.
882 4834 1190 4918 Quemadmodum
1221 4831 1591 4935 Teleicbaptistarum‚
1621 4834 1671 4912 sio
1691 4834 1798 4913 etiam

1469 4982 1472 4989 ·
1577 4952 1623 5027 16
