4959 6175
665 688 706 755 16
1215 688 1238 754 1.
1276 686 1632 755 assultante

664 897 714 971 At
737 895 915 994 pauciores
936 916 1006 969 non
1030 902 1132 983 sunt,
1158 895 1220 994 qui
1238 896 1414 994 cogitandi
1435 896 1546 994 leges,
1573 895 1701 993 quibus
1724 917 1847 968 omnes
1865 902 1988 993 parent
2009 893 2187 984 homines,

663 1040 820 1115 quasque
848 1016 974 1090 mentis
1007 1006 1161 1115 proprias
1185 1040 1261 1089 esse
1286 1016 1381 1090 baud
1411 1016 1511 1090 facile
1539 1014 1618 1114 quis
1651 1014 1849 1113 negaverit,
1883 1011 1985 1113 plane
2013 1014 2185 1114 ignorent.

665 1136 735 1209 Sed
761 1136 798 1210 id
822 1160 960 1234 quoque
988 1135 1132 1225 demus,
1156 1134 1386 1233 experientiae
1411 1134 1530 1211 deberi
1559 1159 1649 1233 quae
1670 1133 1902 1209 axiomatibus
1927 1135 2186 1222 contineantur;

664 1255 746 1329 inde
770 1264 888 1330 autem
920 1280 1040 1331 eorum
1067 1256 1245 1331 veritatem
1275 1255 1413 1354 probari
1439 1255 1700 1356 pernegandum
1724 1260 1789 1329 est.
1838 1253 2037 1329 Veritatem
2069 1279 2186 1330 neces·

665 1375 831 1450 sanarum
854 1376 993 1450 nomine
1016 1376 1060 1451 ab
1085 1376 1171 1464 illis,
1197 1400 1286 1474 quae
1312 1400 1381 1449 usu
1408 1383 1682 1474 cognoscuntur,
1706 1397 1776 1447 nou
1801 1373 1876 1447 sine
1900 1400 2005 1449 eausa
2032 1375 2188 1449 seiuncta

666 1503 757 1569 sunt.
791 1496 942 1571 Incurrit
962 1497 1104 1596 quidem
1125 1496 1209 1571 haec
1229 1496 1405 1571 distinctio
1428 1497 1464 1570 in
1486 1494 1787 1595 reprehensionem
1807 1495 2052 1569 nonnullorum
2072 1495 2187 1569 dicen·

665 1616 769 1704 tium,
789 1623 931 1691 naturae
950 1616 1043 1714 leges
1059 1616 1270 1715 experientia
1285 1617 1440 1718 cognitas
1457 1641 1527 1691 non
1548 1616 1664 1689 minus
1682 1614 1891 1688 necessarias
1907 1638 1982 1687 esse
1999 1613 2187 1689 habendas.

665 1734 734 1807 Sed
760 1734 810 1809 sic
836 1736 1009 1809 vocabulis
1041 1735 1183 1809 luditur.
1234 1735 1385 1809 Necesse
1417 1742 1471 1808 est
1510 1735 1581 1822 duo
1607 1734 1710 1807 tertio
1743 1733 1901 1832 aequalia
1926 1733 2016 1806 inter
2045 1758 2082 1807 se
2114 1758 2189 1812 esso
2214 1736 2219 1764 ¹

533 1844 536 1849 ⁵
664 1854 837 1951 aequalia,
873 1855 1100 1952 aequalesque
1135 1878 1257 1927 causas
1292 1852 1453 1951 aequales
1484 1852 1611 1928 habere
1642 1852 1805 1928 effectus:
1841 1878 1980 1927 necesse
2004 1862 2059 1925 est
2081 1853 2186 1927 etiam

663 1980 861 2069 magnetem
883 1973 1054 2048 attrahere
1076 1973 1215 2047 ferrum.
1255 1974 1306 2046 At
1329 1972 1379 2046 ita
1401 1971 1474 2045 duo
1494 1996 1728 2047 memoramus
1749 1997 1896 2071 genera,
1922 1998 2012 2070 quae
2035 1972 2188 2047 meltum

663 2092 812 2167 interae
837 2092 1018 2167 differunt:
1044 2092 1131 2167 illud
1153 2093 1379 2192 perspicimus
1382 2152 1399 2189 ,
1424 2092 1488 2165 boc
1513 2117 1582 2166 non
1603 2093 1697 2168 item.
1748 2095 1866 2171 Quare
1889 2117 2033 2191 magnes
2056 2092 2188 2167 terrum

662 2212 813 2286 attrahat
838 2212 1057 2310 ignoramus:
1082 2214 1228 2287 remita
1254 2238 1291 2285 aa
1317 2212 1443 2287 habere
1468 2213 1678 2310 experientia
1714 2222 1851 2288 tantum
1889 2213 2092 2287 didicimus:
2119 2236 2190 2311 qua

662 2332 693 2405 si
718 2332 968 2418 caruissemus,
1005 2355 1074 2404 non
1100 2330 1296 2406 videremus
1320 2357 1341 2406 a
1367 2356 1446 2406 vero
1472 2356 1537 2405 nos
1569 2333 1807 2420 aberraturus,
1843 2332 2063 2429 simagneti
2099 2331 2188 2408 banc

661 2450 857 2526 attrahendi
876 2452 945 2525 vim
963 2452 1224 2551 denegaremus.
1261 2452 1481 2550 Simulatque
1499 2460 1619 2526 autem
1640 2453 1705 2528 hoc
1722 2453 1881 2529 sensibus
1898 2460 1951 2525 est
1969 2460 2189 2551 perceptum,

662 2595 731 2645 non
767 2595 953 2670 possumus
987 2571 1164 2661 dubitare,
1202 2571 1287 2670 quin
1323 2571 1487 2646 omnibus
1524 2571 1680 2646 eiusdem
1715 2573 1853 2672 generis
1885 2572 2060 2670 lapidibus
2094 2572 2188 2646 idem

661 2715 846 2765 commune
881 2691 936 2766 sit.
988 2692 1086 2772 Quid
1118 2693 1192 2768 ita?
1243 2691 1420 2770 Quoniam
1457 2691 1688 2790 intelligimus
1726 2692 1991 2792 cogitationem,
2027 2691 2188 2791 aequales

663 2836 784 2885 causus
806 2810 1004 2911 inaequales
1030 2812 1156 2888 habere
1182 2811 1346 2898 effeetus,
1382 2837 1452 2886 non
1482 2812 1600 2885 minus
1624 2812 1811 2888 absurdam
1834 2837 1929 2900 esse,
1955 2835 2062 2909 quam
2086 2808 2187 2910 quid·

664 2956 770 3028 quam
807 2930 874 3004 sibi
907 2932 1023 3031 ipsum
1061 2958 1137 3007 esse
1172 2932 1358 3012 dissimile:
1395 2933 1490 3030 quod
1526 2956 1608 3007 sane
1647 2932 1877 3031 experientiae
1910 2930 2019 3005 tribui
2055 2931 2186 3029 nequit.

662 3051 844 3126 Praeterea
871 3052 943 3127 sola
975 3077 1090 3129 rerum
1122 3052 1429 3152 contemplatione,
1466 3053 1552 3152 quid
1589 3053 1635 3128 sit
1667 3053 1867 3152 laetumque
1895 3050 1961 3140 ait,
1996 3074 2066 3126 non
2102 3049 2189 3150 quid

663 3171 820 3245 laturum
846 3172 907 3262 sit,
933 3198 1031 3248 mens
1052 3174 1259 3273 assequitur.
1307 3174 1357 3247 At
1377 3173 1464 3248 mihi
1487 3199 1665 3248 occurrere
1689 3173 1808 3261 video,
1830 3172 1893 3270 qui
1915 3171 2024 3259 dicat,
2047 3196 2092 3244 ex
2117 3195 2189 3244 uno

664 3291 781 3366 omnia
803 3293 884 3366 huic
907 3293 1063 3392 aequalia
1084 3296 1245 3391 cognosci
1270 3319 1384 3392 posse.
1426 3295 1646 3370 Rectissime.
1698 3295 1736 3368 Si
1756 3303 1874 3369 autem
1894 3301 2057 3392 rogatus,
2081 3315 2189 3390 quara

663 3437 704 3486 ex
729 3437 798 3486 uno
821 3413 864 3487 de
889 3415 1012 3488 ceteris
1033 3424 1184 3502 constet,
1210 3440 1304 3488 nunc
1328 3394 1470 3513 quoque
1490 3415 1738 3514 experientiam
1761 3413 1931 3502 causaris,
1955 3437 2080 3486 nonne.
2094 3411 2188 3484 vides

663 3532 699 3606 in
726 3532 844 3608 orbam
872 3543 906 3607 te
944 3535 1131 3634 circumagi
1169 3546 1205 3609 et
1237 3537 1405 3615 rationem
1439 3535 1560 3610 afferre
1598 3535 1757 3610 nullam?
1807 3533 2049 3631 Experientiee
2081 3530 2189 3630 igitur

593 3661 598 3676 ’
664 3652 859 3728 tribuamus
882 3655 978 3752 quod
999 3665 1052 3730 est
1075 3655 1322 3754 experientiae,
1348 3654 1409 3727 sed
1435 3654 1559 3728 rationi
1582 3656 1677 3752 quod
1701 3662 1755 3729 est
1778 3653 1930 3730 rationis.

713 3773 833 3870 longe
854 3773 953 3848 abest
978 3782 1018 3848 ut
1040 3799 1183 3874 negem,
1210 3798 1313 3871 saepe
1336 3773 1460 3848 rationi
1483 3799 1559 3848 esse
1580 3774 1774 3874 adscripta,
1800 3799 1890 3872 quae
1915 3771 2055 3877 aliunde
2079 3769 2189 3868 petita

666 3898 798 3977 essent;
824 3892 886 3965 sad
907 3899 1056 3980 restant,
1079 3918 1168 3990 quae
1191 3917 1329 3967 summo
1345 3893 1420 3967 iure
1439 3894 1473 3968 ei
1496 3895 1692 3969 reseruntur
1717 3903 1873 3994 accepta:
1897 3892 1956 3968 illa
1976 3891 2071 3978 dico,
2097 3913 2188 3988 quae

666 4010 716 4084 ita
749 4009 887 4108 probari
922 4020 1087 4110 possunt,
1122 4022 1162 4085 ut
1197 4012 1452 4087 demonstretur
1481 4015 1690 4090 contrarium
1719 4041 1764 4091 ne
1799 4041 1900 4115 posse
1932 4014 2075 4110 quidem
2111 4035 2209 4117 vere*

667 4129 821 4229 cogitari.
871 4131 940 4205 His
963 4139 1000 4204 et
1031 4131 1084 4204 his
1108 4133 1250 4231 quidem
1276 4133 1357 4206 solis
1383 4135 1566 4208 veritatum
1593 4137 1861 4211 necessariarum
1886 4134 2045 4211 convenit
2071 4131 2186 4232 appel·

667 4249 759 4324 latio.
811 4249 884 4329 Qui
907 4257 1025 4326 autem
1049 4259 1169 4350 putat,
1190 4253 1438 4352 'experientiam
1461 4279 1580 4328 eorum
1605 4281 1745 4355 quoque
1766 4281 1841 4330 esse
1862 4265 2028 4343 matrem,
2059 4237 2188 4326 statuat

668 4369 725 4444 ille
749 4395 887 4445 necesse
911 4379 984 4458 est,
1009 4371 1119 4446 eidem
1145 4373 1257 4471 ipsam
1282 4398 1421 4473 quoque
1444 4375 1620 4473 cogitandi
1644 4375 1844 4452 facultatem
1868 4374 1997 4450 deberi.

719 4489 757 4562 Si
777 4514 855 4564 vera
874 4498 973 4578 sunt,
998 4515 1087 4590 quae
1117 4491 1154 4564 in
1180 4492 1334 4566 medium
1368 4493 1488 4580 attuli,
1514 4492 1785 4567 existimandum
1811 4502 1882 4579 est,
1906 4515 2046 4566 omnem
2070 4489 2187 4588 cogni·

668 4608 771 4684 tionis
803 4609 1030 4683 materiem
1063 4611 1244 4686 oriundam
1270 4637 1346 4686 esse
1376 4638 1418 4686 ex
1453 4637 1619 4686 sensuum
1652 4613 1871 4713 perceptione
1903 4611 2080 4708 animique
2106 4633 2186 4683 con·

669 4727 828 4816 scientia,
864 4727 882 4800 s
887 4751 1048 4803 ormam
1087 4739 1204 4805 autem
1242 4731 1292 4806 ita
1326 4732 1428 4807 nobis
1466 4757 1542 4808 esse
1577 4733 1861 4820 adscribendam,
1897 4755 1966 4805 non
2004 4739 2045 4804 nt
2082 4729 2187 4803 rebus

667 4846 914 4935 obtrudamus,
934 4872 1024 4946 quae
1045 4847 1089 4924 ab
1112 4849 1155 4924 iis
1173 4850 1284 4926 aliena
1304 4862 1402 4942 sunt,
1425 4854 1487 4930 sed
1507 4864 1547 4928 ut
1566 4854 1600 4928 vi
1619 4854 1746 4928 mentis
1767 4851 1915 4928 naturali
1933 4848 2187 4948 concipiamus,
