4959 6175
688 624 731 693 60
1171 568 1365 691 saulus
1398 618 1726 689 tremorum.

781 828 954 907 Exercitia
979 828 1126 907 oratoria
1152 827 1408 918 moderabitur,
1438 826 1497 903 die
1517 826 1663 902 Veneris
1669 878 2008 916 ..........
2063 829 2149 906 hora
2171 832 2205 913 l.

783 950 957 1049 Linguam
979 948 1162 1025 Gothicam
1185 948 1317 1038 tradet,
1342 952 1379 1021 et
1402 945 1595 1023 carminum
1620 946 1726 1021 medii
1748 946 1824 1022 aevi
1842 946 2009 1048 interpre-

834 1070 998 1146 tationem
1031 1068 1184 1145 criticam
1216 1067 1444 1169 provectiores
1473 1065 1628 1155 docebit,
1661 1065 1718 1142 die
1748 1066 1893 1156 Martis,
1927 1068 2012 1144 hora

833 1190 1047 1290 vespertina,
1081 1249 1090 1268 .
1124 1243 2008 1267 .........................
2032 1188 2205 1278 VI—IX,

884 1318 920 1384 et
942 1309 999 1385 die
1025 1308 1166 1385 Saturni
1173 1361 2007 1398 ........................
2155 1308 2204 1385 ΙΙ.

689 1438 1049 1501 conmutata
1090 1427 1374 1528 interpretabitur
1406 1428 1533 1527 Elegea
1561 1425 1712 1512 Tibulli,
1748 1425 1859 1502 Taciti
1895 1428 2012 1503 Vitam

740 1551 920 1648 Agricolae
943 1556 979 1626 et
1003 1550 1178 1625 Ciceronis
1200 1550 1394 1625 Orationem
1406 1572 1477 1646 pro
1499 1549 1580 1622 Sec.
1602 1546 1727 1621 Roscio
1746 1547 1921 1636 Amerino,
1940 1547 2012 1622 die·

740 1667 808 1743 bus
829 1669 970 1758 Lunae,
994 1670 1120 1745 Martis
1142 1676 1178 1745 et
1201 1667 1385 1757 Mercurii,
1419 1719 2010 1745 .................
2145 1670 2204 1745 lX

787 1788 976 1887 Praecepta
989 1789 1206 1866 artisIatine
1219 1785 1392 1864 scribendi
1406 1786 1538 1876 tradet,
1551 1785 1677 1861 diebus
1689 1784 1810 1861 Lunae
1824 1786 2014 1876 etMartis,
2146 1788 2204 1864 Xl.

789 1908 1027 2009 Antiquitates
1047 1910 1183 2017 Atticas
1206 1906 1410 2009 explicabit,
1435 1906 1493 1982 die
1514 1906 1609 1982 Iovis
1614 1962 2016 1996 ............
2139 1908 2206 1997 ΙΧ,

888 2037 924 2103 et
954 2029 1011 2104 die
1035 2008 1200 2121 Veneris,
1235 2088 1245 2106 .

1213 2268 1462 2344 FAGULTAS
1497 2266 1694 2343 MEDICA.

670 2494 674 2508 '
695 2520 727 2580 c.
747 2519 872 2580 naurs
891 2496 976 2581 vsu
995 2518 1076 2581 ona
1095 2518 1264 2581 uonvuu
1276 2506 1514 2609 Pathologiam
1532 2506 1822 2597 docebit,diebua
1832 2506 2018 2598 Marcum,

743 2628 836 2705 Iovis
856 2636 892 2703 et
905 2628 1050 2705 Veneris
1058 2684 2015 2720 ...........................
2178 2630 2207 2702 Ι.

792 2748 1003 2826 Medicinam
1027 2750 1214 2849 practicam
1238 2774 1321 2825 cum
1343 2748 1586 2825 exercitatione
1611 2747 1650 2822 in
1669 2747 1878 2825 Ncsocomio
1898 2749 2020 2825 acade-

838 2869 948 2959 mico,
972 2869 1127 2969 quotidie
1137 2924 2016 2959 .........................
2148 2865 2208 2942 ΧΙ.

793 2988 985 3066 Historiam
1007 2987 1203 3065 Medicinae
1227 2988 1357 3078 madet,
1384 2987 1509 3063 diebus
1537 2988 1655 3063 Lnnae
1680 2993 1717 3063 et
1736 2987 1861 3063 Martis
1867 3046 2020 3077 .....
2181 2986 2209 3059 1.

698 3120 734 3180 6.
761 3119 795 3182 6.
822 3119 858 3180 Β.
885 3119 1090 3182 SUBINGAR
1112 3110 1320 3212 Therapiam
1346 3109 1543 3212 generalem
1565 3109 1722 3200 docebit,
1747 3108 1872 3185 diebus
1894 3108 2020 3184 Martis

689 3278 692 3284 s
748 3236 784 3305 et
812 3229 923 3319 Iouis,
953 3285 2022 3309 ..............................
2122 3227 2211 3314 XII,

890 3357 926 3425 et
950 3349 1007 3425 die
1031 3351 1171 3427 Saturni
1179 3405 2026 3442 ........................
2151 3345 2208 3422 ΙΧ.

792 3468 1107 3572 Pharmacognosin
1130 3471 1380 3549 etnatnralem
1401 3469 1635 3546 remediorum
1658 3469 1872 3559 Historiam,
1896 3467 2021 3543 diebus

840 3590 981 3682 Lunae,
1013 3591 1180 3668 Mercurii
1204 3597 1242 3665 et
1267 3589 1413 3664 Veneris
1423 3645 2014 3680 .................
2138 3587 2209 3663 XII.

793 3707 1082 3808 Therapeuticum
1104 3708 1337 3786 remediorum
1362 3733 1470 3786 namn
1497 3709 1685 3801 indicabit,
1706 3709 1831 3788 diebus
1854 3709 2022 3786 Mercurii

841 3835 877 3900 et
906 3827 1051 3904 Veneris
1060 3883 2015 3919 ...........................
2153 3826 2210 3902 ΙΧ.

794 3943 997 4021 Doctrinam
1038 3947 1237 4023 morborum
1278 3945 1507 4046 singularium
1546 3945 1680 4038 tradet,
1715 3947 1841 4024 diebus
1876 3948 2017 4039 Lunae,

841 4063 967 4139 Martis
999 4071 1034 4140 et
1065 4063 1178 4155 Iovis,
1210 4121 2017 4147 .......................
2152 4065 2211 4142 ΙΧ.

792 4183 920 4258 Praxin
948 4185 1119 4262 medicam
1142 4186 1187 4262 ad
1212 4184 1356 4262 lectulos
1385 4186 1636 4286 aegmtantium
1666 4186 1920 4278 moderabitur,
1944 4173 2016 4264 die·

840 4301 909 4378 bus
933 4304 1099 4405 singulis,
1134 4359 2016 4386 .........................
2164 4307 2211 4383 Χ.

696 4429 995 4500 F.W.KR1EGER
1018 4424 1199 4502 Theoriam
1225 4423 1436 4524 Disciplinae
1464 4421 1677 4526 bhirurgicae
1701 4434 1868 4527 exponet,
1892 4428 2017 4525 diebus

745 4541 887 4630 Lunae,
911 4543 1077 4617 Mercurii
1100 4551 1135 4618 et
1158 4543 1322 4633 Veneris,
1357 4598 2017 4626 ...................
2124 4545 2212 4621 Vlll.

793 4660 1106 4738 Exercitationibus
1116 4663 1266 4751 cliuicis,
1281 4662 1532 4740 inNosocomio
1547 4665 1741 4740 academico
1755 4665 1944 4756 habendis,
1959 4692 2015 4743 va·

842 4780 953 4871 cubit,
972 4780 1095 4857 diebus
1116 4783 1256 4872 Lunae,
1278 4783 1461 4874 Mercurii,
1489 4785 1581 4860 Iovis
1603 4797 1639 4861 et
1668 4785 1810 4861 Saturni
1815 4843 2008 4877 ......
2133 4787 2209 4862 Xll.

793 4900 947 5003 Collegio
969 4901 1116 4994 casuali,
1140 4901 1265 4979 diebus
1287 4904 1413 4980 Martis
1434 4912 1470 4980 et
1489 4904 1633 4982 Veneris
1638 4963 2008 4997 ...........
2036 4907 2207 4983 Xll-lll.
