4959 6175
730 686 773 751 to
1276 682 1302 749 1.
1337 680 1377 750 G.
1412 681 1704 749 fluctuans

729 891 884 968 Sallustii
910 889 947 964 in
973 888 1096 989 primis
1132 894 1167 965 et
1193 888 1339 987 Vergilii
1363 889 1509 965 lectione
1539 890 1679 991 penitus
1703 887 1860 977 imbuto,
1883 912 1997 989 neque
2024 889 2160 989 antiqui
2184 915 2248 969 nee

728 1012 854 1112 poetici
886 1008 1007 1086 coloris
1033 1008 1183 1108 experti,
1209 1032 1422 1109 quamquam
1449 1010 1566 1085 venari
1595 1008 1774 1085 interdum
1797 1007 1958 1083 dictionis
1980 1033 2126 1085 acumen
2154 1012 2245 1088 ride-

729 1141 805 1220 tur,
829 1131 995 1206 naturalis
1016 1128 1188 1229 quaedam
1210 1116 1363 1229 gravitas
1386 1138 1423 1204 et
1443 1130 1548 1205 robur
1569 1130 1686 1218 virile3
1720 1128 1812 1229 rapit
1840 1152 1905 1203 nos
1931 1128 2018 1203 alter
2043 1154 2160 1205 amoro
2192 1134 2245 1209 sui

726 1251 959 1350 delectatque,
990 1250 1052 1325 sed
1083 1241 1192 1348 paene
1228 1250 1395 1336 serviliter
1417 1250 1573 1324 imitatus
1599 1249 1820 1337 Ciceronem,
1854 1248 1981 1324 fucatis
2003 1250 2116 1349 magis
2141 1276 2244 1350 qnam

724 1372 857 1449 decoris
884 1370 1039 1446 vestibus
1060 1377 1222 1459 ornatus,
1243 1370 1281 1445 in
1304 1378 1442 1470 tempus
1464 1370 1598 1445 detinet
1621 1370 1790 1469 legentes,
1822 1368 1958 1445 aculeos
1979 1367 2017 1443 in
2041 1368 2167 1445 animis
2189 1372 2244 1446 vix

724 1491 898 1590 relinquit.
948 1490 1128 1566 Postremo
1150 1534 1200 1551 -
1223 1515 1306 1565 nam
1336 1497 1476 1591 tempus
1500 1499 1554 1565 est
1578 1490 1701 1565 horum
1729 1488 1839 1563 lacere
1864 1489 1970 1563 finem
1999 1530 2048 1545 -
2069 1488 2116 1563 ad
2143 1489 2243 1564 servi·

725 1612 794 1686 lem
816 1612 911 1686 illam
932 1610 1163 1686 imitationem
1185 1610 1215 1685 si
1239 1607 1472 1684 adulationem
1497 1607 1692 1697 addideris,
1717 1631 1738 1681 a
1770 1630 1841 1705 qua
1872 1629 1917 1680 ne
1938 1605 2080 1681 Tacitus
2103 1608 2242 1706 quidem

724 1756 842 1806 cavere
867 1730 1009 1805 omnino
1033 1730 1166 1829 potuit,
1191 1729 1327 1804 Plinius
1353 1728 1539 1803 Troianum
1567 1752 1671 1802 suum
1698 1731 1913 1825 praesentem
1937 1725 2084 1801 laudans
2106 1752 2244 1826 prorsus
2332 1772 2335 1779 ·

724 1838 816 1925 nihil
833 1848 1079 1925 abstinendum
1110 1848 1266 1948 putavit,
1301 1848 1373 1921 duo
1396 1846 1541 1921 habebis
1565 1847 1670 1922 huius
1698 1844 1805 1923 seculi
1834 1868 1877 1918 ex
1909 1845 2127 1945 temporibus
2148 1848 2241 1922 velut

723 1978 803 2045 nata
827 1970 928 2057 vitia,
954 1994 1043 2068 quae
1064 1965 1370 2069 languescentibus
1391 1965 1500 2041 literis
1521 1960 1688 2066 tanquam
1708 1988 1850 2041 succum
1872 1990 1913 2039 ac
1934 1964 2141 2065 sauguinem
2162 1992 2241 2042 mox

719 2112 858 2173 omnem
882 2087 1144 2163 exsorbuerunt.

767 2210 849 2282 Non
874 2206 924 2282 ita
948 2207 1098 2306 urgebo,
1123 2206 1168 2280 A.
1181 2207 1246 2281 A.l
1273 2213 1426 2281 ceterum
1457 2205 1670 2281 verissimam
1695 2230 1835 2295 vocem,
1859 2209 1897 2280 io
1919 2209 1990 2283 acle
2013 2210 2107 2283 cerri
2129 2208 2242 2282 sidem

719 2331 795 2424 ipsa
819 2328 992 2414 donoc,
1027 2330 1068 2397 ut
1103 2323 1139 2397 in
1173 2323 1253 2397 hac'
1271 2323 1478 2422 scriptorum
1505 2322 1711 2398 recensione
1744 2348 2241 2414 o.snnrorurrnarrunrnn1,

721 2446 783 2519 viri
807 2445 901 2520 docti
923 2452 959 2519 et
985 2443 1133 2531 eruditi,
1157 2467 1226 2517 non
1257 2442 1456 2517 meminisse
1480 2442 1606 2518 videar.
1657 2444 1797 2519 Etenim
1820 2445 1932 2545 ipsam
1964 2454 2073 2521 artem
2108 2448 2137 2521 si
2165 2472 2239 2545 spe·

719 2574 872 2654 eternus,
898 2564 972 2639 eius
999 2563 1182 2652 Caesarea,
1208 2588 1253 2637 ne
1277 2588 1544 2638 commemorem
1575 2563 1659 2652 alia,
1694 2588 1775 2637 cum
1799 2567 1870 2640 Iul.
1896 2568 2077 2665 Agricolae
2100 2568 2173 2641 vita
2193 2590 2238 2639 ne

718 2684 908 2784 comparari
930 2683 1070 2782 quidem
1105 2708 1227 2783 posse,
1266 2664 1383 2757 statim
1416 2684 1503 2758 mibi
1531 2682 1736 2758 concedetis.
1787 2683 1885 2758 Nihil
1916 2690 1970 2758 eat
2003 2684 2049 2759 ad
2081 2684 2239 2759 Tacitum

718 2802 915 2880 Suetonius.
965 2802 1035 2877 Sed
1059 2827 1129 2902 quo
1153 2803 1265 2902 magis
1288 2810 1365 2877 tum
1388 2802 1566 2896 descitum
1581 2810 1634 2877 est
1656 2801 1702 2877 ab
1729 2804 1873 2903 antiqua
1898 2803 2066 2878 sermonis
2082 2804 2238 2878 castitate
2321 2857 2323 2860 -

718 2932 753 2999 et
778 2923 996 3024 degeneravit
1022 2922 1138 2998 nativa
1172 2922 1312 2997 dicendi
1337 2923 1554 3023 simplicitas,
1587 2946 1659 3023 quo
1683 2924 1790 2999 rarior
1823 2922 1937 3023 coepit
1970 2948 2046 2998 esse
2072 2923 2110 2998 in
2133 2923 2237 2999 rebus

717 3044 906 3120 scribendis
934 3044 1109 3145 ingenuus
1133 3043 1263 3119 candor
1296 3049 1403 3142 atque
1439 3043 1638 3145 incorrupta
1664 3042 1806 3133 veritas3
1842 3067 1913 3144 quo
1948 3044 2058 3144 pluris
2089 3045 2238 3146 deniqne

716 3164 913 3240 laciendum
949 3166 984 3240 in
1018 3163 1179 3240 historico
1212 3172 1267 3238 est
1289 3164 1410 3238 iudicii
1432 3188 1578 3241 acumen
1603 3173 1639 3238 et
1661 3165 1880 3264 antiquit-atis
1909 3165 2082 3263 cognitio,
2106 3191 2148 3241 eo
2173 3166 2236 3240 ini·

717 3286 820 3385 quius
857 3295 909 3360 est
944 3285 1008 3360 hoo
1047 3285 1121 3359 loco
1149 3284 1331 3384 neglegere
1357 3293 1419 3360 aut
1454 3294 1674 3360 contemnere
1711 3285 1928 3360 Suetonium.
1981 3285 2107 3384 Neque
2146 3286 2236 3360 hunc
2316 3273 2319 3277 ¹

716 3407 850 3496 solum,
886 3405 946 3480 sed
979 3405 1095 3505 plures
1123 3405 1258 3480 reddita
1290 3405 1460 3481 Romanis
1487 3404 1660 3480 sentiendi
1697 3404 1905 3504 dicendique
1943 3404 2051 3480 libera
2085 3412 2235 3505 potestas

715 3527 892 3614 excitavit,
915 3533 955 3601 ut
974 3525 1011 3600 in
1032 3524 1201 3602 consimili
1222 3524 1399 3600 literarum
1419 3549 1546 3624 genere
1564 3525 1651 3600 vires
1674 3550 1755 3600 suas
1772 3525 2056 3626 periclitarentur.
2080 3526 2236 3624 Egerunt

716 3637 780 3720 lroc
803 3647 839 3720 in
869 3645 990 3745 primis
1023 3671 1053 3720 o.
1080 3667 1236 3720 risurus
1270 3652 1307 3720 et
1339 3668 1500 3720 narratus
1525 3667 1674 3733 corruo,
1709 3669 1857 3745 quorum
1879 3645 2000 3734 illum,
2036 3645 2232 3732 hominem,

719 3773 757 3839 ut
779 3764 913 3852 ierunt,
939 3774 1063 3839 natura
1089 3773 1252 3851 acutum,
1279 3789 1347 3851 usu
1367 3764 1612 3852 exercitatum,
1627 3764 1791 3840 videtote
1811 3766 2120 3867 promptissimum,
2137 3787 2234 3838 mors

717 3883 914 3983 supervenit
946 3883 1114 3957 absolutis
1148 3884 1262 3957 tribus
1292 3883 1407 3970 libris,
1446 3883 1575 3981 quibus
1607 3884 1796 3973 subtiliter,
1833 3886 2017 3986 diligenter
2048 3891 2084 3958 et
2107 3883 2232 3958 latim

716 4003 897 4101 scripserat
928 4001 1042 4076 exitus
1066 4001 1256 4076 occisorum
1282 4010 1344 4076 aut
1374 4003 1602 4101 relegatorum
1626 4029 1648 4077 a
1671 4005 1811 4080 Nerone
1833 4007 1893 4099 ¹⁷).
1944 4005 2069 4105 Capito
2093 4011 2229 4090 autem,

714 4122 776 4221 qui
812 4121 987 4196 literarum
1020 4121 1091 4195 iam
1119 4120 1371 4197 senescentium
1410 4146 1480 4196 non
1506 4131 1672 4222 patronus
1709 4133 1865 4215 tantum,
1904 4127 1965 4204 sed
1997 4125 2158 4201 reductor
2190 4147 2229 4201 ac

713 4239 914 4315 reformator
948 4240 1089 4316 habitus
1131 4247 1204 4330 est,
1239 4239 1402 4341 idemque
1440 4243 1551 4318 aritae
1586 4243 1722 4318 virtutis
1761 4247 1979 4346 exemplum
2020 4245 2082 4345 qui
2121 4267 2227 4344 quum

714 4360 895 4436 acerrimos
914 4362 996 4435 olim
1012 4359 1181 4436 libertatis
1202 4360 1353 4436 vindices
1373 4363 1522 4450 Brutos,
1542 4363 1700 4452 Cassios,
1719 4364 1888 4456 Catones,
1910 4391 2046 4442 summa
2065 4365 2230 4464 religione
2273 4380 2278 4389 ·

713 4481 856 4569 coleret,
880 4473 1058 4558 clarissimi
1079 4482 1249 4582 cuiusque
1271 4471 1377 4556 vitam
1393 4481 1545 4582 egregiis
1564 4483 1776 4559 carminibus
1790 4509 1972 4562 exornasse
1994 4485 2160 4572 traditum
2177 4529 2229 4542 —

713 4600 837 4700 Capito
858 4600 965 4701 igitur
988 4600 1133 4676 eandem
1153 4601 1258 4676 telam
1281 4625 1422 4676 exorsus
1442 4603 1635 4702 pertexuit,
1659 4605 1825 4679 enarratis
1847 4615 2022 4704 praeterea
2037 4604 2226 4680 illustrium

712 4721 861 4796 virorum
898 4720 998 4810 fatis,
1034 4745 1122 4820 quos
1148 4719 1340 4796 Domitiani
1373 4721 1573 4799 immanitas
1607 4724 1793 4800 sustulerat
1821 4734 1884 4800 aut
1915 4751 1959 4800 ex
1980 4724 2076 4801 Urbe
2104 4725 2159 4799 vel
2181 4748 2227 4799 ex

712 4841 812 4924 ltalia
849 4841 1056 4941 relegaverat
1085 4842 1144 4933 18).
1172 4840 1260 4952 Ἐεῑ
1297 4839 1447 4940 denique
1482 4842 1574 4918 inter
1609 4868 1688 4934 eos,
1711 4865 1874 4943 ¹quorum
1912 4833 2018 4922 libros
2055 4844 2229 4921 babemus
