4959 6175
927 620 1204 691 ORATIO.
1782 628 1824 703 19

308 835 448 915 bomine
472 841 637 935 augetur,
671 857 784 935 quum
807 832 934 913 sentiet
956 856 994 913 ra
1016 857 1085 911 nou
1109 833 1223 913 solum
1246 829 1397 933 pendere
1417 856 1440 911 a
1459 831 1580 912 multia
1600 832 1706 913 rebm
1729 841 1827 915 extra

305 978 405 1033 auam
437 960 643 1053 potestatem
671 952 812 1051 positis,
846 952 1040 1032 sedetiam
1078 952 1214 1053 legibus
1247 951 1378 1042 moen,
1410 951 1635 1052 adquorum
1666 977 1830 1035 normam

306 1075 413 1153 vitum
438 1074 658 1174 actionesque
687 1073 858 1151 instituat.
907 1073 1124 1175 Propagatur
1157 1072 1242 1153 haee
1266 1072 1335 1151 Dei
1362 1073 1527 1174 cogitatio
1559 1099 1623 1176 par
1646 1074 1826 1153 societates

306 1194 482 1293 religionis
519 1192 761 1271 communione
796 1192 952 1282 iunctas,
988 1218 1078 1293 quae
1112 1192 1390 1293 persuasionem,
1424 1219 1501 1275 osae
1532 1196 1669 1288 Deum,
1702 1194 1827 1274 mundi

306 1313 536 1403 conditorem,
563 1335 681 1389 rerum
704 1312 934 1391 humanarum
957 1312 1244 1412 gubernatorem,
1281 1338 1459 1395 summum
1480 1315 1711 1416 legislatorem
1733 1316 1826 1397 iudi·

219 1412 248 1431 '⁵
305 1457 451 1533 eamque
487 1432 755 1532 aequissimum,
790 1431 1018 1533 omniumque
1052 1432 1194 1512 omnino
1230 1433 1400 1515 bonorum
1435 1436 1649 1537 largitorem,
1687 1445 1825 1515 tenerae

305 1554 480 1631 iuventuti
512 1552 684 1631 instillent
713 1560 749 1631 ot
778 1552 874 1653 apud
908 1553 1065 1631 homiues
1099 1561 1211 1633 aetate
1242 1555 1470 1655 provectiores
1501 1558 1725 1646 confirment,
1748 1563 1826 1635 tum

305 1673 480 1763 oratione,
505 1682 581 1753 tum
607 1674 735 1751 ritibus
760 1674 864 1753 moris
887 1674 934 1753 ed
956 1675 1075 1753 Deum
1102 1675 1288 1755 nolendum
1310 1676 1493 1755 institutis.
1541 1676 1759 1777 Adiungitur
1784 1675 1828 1753 de

306 1795 385 1873 Deo
407 1793 582 1894 rebusque
606 1794 732 1873 divinis
753 1794 910 1873 doctrina
929 1794 1116 1894 quaedam,
1141 1820 1250 1895 quoe,
1274 1795 1342 1873 etei
1361 1795 1436 1895 agit
1462 1796 1507 1873 de
1533 1822 1594 1887 eo,
1620 1822 1692 1896 quo
1713 1796 1829 1875 maius

306 1915 451 2015 cogitari
471 1914 613 2013 nequit,
633 1914 729 1993 baud
749 1913 862 2013 magia
885 1914 1066 1993 tamenab
1085 1938 1157 1993 uno
1177 1914 1249 1993 reri
1268 1914 1498 2017 seientiaaqbe
1520 1940 1636 1995 amore
1658 1915 1827 2015 originem

306 2035 423 2124 ducit,
448 2060 554 2136 quam
578 2035 729 2139 vulgaris
752 2034 797 2111 de
828 2035 906 2113 Deo
940 2034 1116 2134 roburque
1147 2035 1274 2113 divinis
1297 2036 1485 2135 persuasio.
1534 2036 1605 2113 Sed
1628 2059 1693 2113 nec
1716 2035 1828 2115 unco-

308 2155 419 2255 logiue
440 2180 537 2254 pars,
564 2178 653 2255 quae
676 2154 722 2230 ad
745 2152 1002 2252 Philosophiam
1028 2153 1195 2253 pertinet,
1219 2154 1367 2232 eandem
1394 2156 1466 2233 reri
1484 2156 1718 2254 investigandi
1737 2155 1828 2232 riam

309 2275 485 2374 sequitur,
509 2300 549 2349 ac
570 2282 702 2349 ceterae
723 2273 934 2372 disciplinae.
985 2272 1064 2349 Hae
1088 2299 1109 2349 a
1135 2272 1282 2372 singulis
1301 2273 1408 2351 rebus
1427 2282 1585 2351 accurate
1606 2275 1830 2353 consideratis

307 2394 406 2468 initio
433 2399 535 2489 capto
570 2391 616 2467 ad
651 2392 863 2492 generaliora
894 2393 987 2467 lento
1020 2393 1132 2491 gradu
1163 2392 1375 2491 procedunt:
1410 2391 1470 2467 illa
1502 2395 1681 2493 ingentem
1714 2419 1830 2471 rerum

306 2512 586 2601 multitudinem,
607 2512 764 2588 nondum
785 2512 869 2587 satia
889 2512 1082 2611 cognitam,
1103 2536 1174 2586 uno
1194 2512 1295 2611 quasi
1311 2511 1447 2610 impetu
1464 2513 1693 2603 transsiliens,
1713 2539 1829 2589 rerum

305 2634 462 2709 omnium
496 2632 703 2733 principium
731 2631 847 2709 animo
876 2631 1102 2731 contemplari
1136 2639 1306 2734 properat.
1357 2633 1527 2712 Quamvis
1563 2640 1682 2709 autem
1707 2634 1763 2710 ria
1789 2660 1829 2710 ao

306 2752 413 2841 ratio,
447 2776 518 2852 qun
549 2759 683 2831 osterse
715 2752 917 2854 disciplinae
950 2754 1110 2831 inventae
1139 2760 1176 2831 st
1209 2753 1366 2831 excultae
1399 2760 1502 2841 aunt,
1537 2753 1675 2833 differat
1697 2753 1743 2834 ab
1767 2780 1829 2843 ea,

308 2898 413 2973 quam
442 2874 594 2949 inierunt
624 2872 782 2949 homines
816 2875 862 2949 ad
892 2874 1009 2949 Deum
1042 2872 1302 2973 agnoscendum
1326 2879 1363 2949 et
1396 2879 1569 2971 qnantum
1604 2873 1680 2953 fieri
1714 2883 1831 2973 posset

306 2990 605 3094 cognoscendum,
630 2992 761 3069 habent
786 3001 902 3070 temen
924 2994 1057 3095 aliquid
1082 2992 1329 3069 similitudinis.
1378 2993 1480 3081 Illae,
1506 3017 1617 3095 quum
1651 3018 1706 3068 res
1727 3001 1829 3069 natu·

306 3115 396 3190 ralas
419 3110 662 3214 humanasque
683 3115 901 3216 interpretari
921 3123 1090 3195 conantur
1111 3123 1147 3192 et
1165 3116 1205 3194 irr
1225 3115 1355 3214 primas
1376 3114 1560 3214 inquirunt
1580 3139 1720 3203 cauom,
1743 3115 1830 3191 tales

307 3233 414 3312 etiam
440 3234 622 3312 admittere
655 3245 844 3336 coguntur,
877 3261 1028 3338 quarum
1052 3236 1177 3314 cerium
1201 3259 1271 3314 non
1301 3235 1351 3314 ita
1378 3234 1606 3314 demonstrari
1629 3242 1764 3335 potest,
1789 3245 1830 3313 ut

306 3353 446 3432 nullum
472 3355 729 3434 contradicendi
755 3379 792 3432 aa
824 3355 947 3455 prodat
972 3361 1228 3456 argumentum
1276 3354 1466 3454 Theolog'm
1496 3381 1519 3434 a
1551 3355 1717 3454 religione
1749 3379 1827 3454 pro

306 3473 398 3552 lecta
436 3473 725 3574 perfectissimum
764 3475 938 3575 nullisque
971 3474 1142 3554 limitibus
1179 3475 1480 3574 oimruneoript'um
1515 3499 1631 3555 rerum
1669 3475 1827 3555 omnium

307 3602 484 3672 auctorem
506 3603 623 3672 ments
645 3595 784 3696 namqui
803 3594 982 3674 annidtur.
1017 3595 1098 3672 Non
1119 3593 1257 3674 difficile
1277 3592 1386 3694 igitur
1404 3603 1458 3674 est
1475 3595 1674 3684 intdlectu,
1696 3602 1827 3674 statuta

306 3710 383 3790 eius
402 3738 471 3792 non
490 3714 542 3792 ita
565 3715 759 3796 confirmari
780 3741 881 3816 poseo
900 3723 1005 3816 atque
1021 3715 1099 3804 illa,
1124 3739 1213 3814 quae
1234 3713 1279 3793 sb
1302 3715 1513 3815 experientia
1533 3716 1665 3816 vulgari
1685 3716 1826 3816 propius

308 3835 447 3916 absunt.
496 3837 588 3916 Fieri
618 3839 757 3938 nequit,
793 3850 832 3918 ul
866 3839 960 3917 ullus
983 3838 1182 3916 mortalium
1214 3837 1284 3916 Dei
1302 3836 1647 3916 'minutiam'lrubeat
1674 3861 1752 3912 vere
1775 3837 1825 3913 ita

309 3955 449 4036 dietam.
497 3957 568 4036 Sed
592 3959 668 4038 aliis
692 3959 797 4038 etiam
822 3959 1013 4060 disciplinis
1032 3967 1106 4036 usu
1123 3957 1238 4047 uenit,
1264 3964 1305 4036 ut
1330 3981 1421 4056 quae
1439 3955 1476 4036 in
1494 3955 1539 4035 iia
1564 3965 1648 4037 runt
1667 3981 1824 4046 summe,

308 4075 637 4158 demonstrationem
668 4105 741 4158 non
775 4081 923 4181 rapiant
972 4080 1031 4156 Illi
1063 4085 1201 4168 nutem,
1234 4078 1299 4177 qui
1333 4076 1524 4176 diciplina
1560 4077 1690 4156 exculti
1708 4084 1825 4177 ιιιιιιιι,

310 4195 482 4296 quidquid
512 4199 662 4302 primum
688 4225 748 4278 eoa
770 4200 910 4276 induxit
932 4199 980 4276 ad
1005 4200 1124 4286 Deum
1149 4198 1375 4296 cogitandum
1406 4196 1754 4296 agnoscendumqus‚
1787 4197 1826 4272 id
1905 4193 1938 4276 ’.

307 4314 457 4394 maxime
481 4316 639 4408 student,
664 4326 705 4394 ut
724 4319 768 4396 de
785 4339 906 4396 rarum
924 4317 1083 4396 omnium
1102 4315 1280 4394 conditore
1304 4325 1342 4395 ot
1364 4317 1595 4416 gubernatore
1617 4317 1824 4398 metendum
1905 4390 1909 4396 .

307 4434 489 4533 acquirant
510 4461 591 4516 cum
613 4463 750 4528 rerum,
769 4449 877 4538 quam
896 4435 1290 4536 annumeremus
1309 4437 1559 4518 cohaerentem.
1593 4437 1687 4513 Sunt
1707 4444 1824 4519 teman

306 4554 399 4636 inter
434 4557 523 4636 virus
548 4558 683 4660 ingenii
710 4559 955 4658 doctrinaeque
982 4557 1092 4636 laude¹
1119 4556 1300 4647 florentes,
1335 4558 1398 4658 qui
1428 4559 1544 4658 pulum
1575 4558 1823 4657 proruamur,

308 4699 391 4756 aum
415 4677 589 4756 derebus
615 4679 741 4758 diuinis
765 4681 955 4762 mennae
981 4703 1062 4758 unm
1087 4678 1148 4770 ἧι,
1162 4689 1263 4778 'quaa
1285 4679 1374 4758 barm
1390 4680 1536 4780 cognita
1554 4703 1633 4758 ease
1654 4677 1824 4758 arbitren-

309 4803 386 4900 tur,
414 4807 537 4900 aperte
563 4807 746 4902 ‚pugrrma
780 4807 975 4902 nequeas
1004 4810 1123 4880 lmaon
1142 4809 1239 4880 {omn
1257 4800 1318 4881 -ob
1336 4796 1495 4882 ''mnmm
1525 4798 1674 4888 moveri.
1708 4808 1748 4880 ut
1777 4798 1824 4878 ab

650 4935 651 4938 ι
1601 4917 1655 4992 3,
