4959 6175
545 748 563 785 =,
725 684 919 764 saurus
953 694 1281 763 incrinuun.
1722 696 1765 764 aa

444 916 480 985 et
507 906 631 983 diebus
655 905 749 981 Iovis
775 911 811 980 et
827 904 1019 993 Veneris„
1045 962 1055 983 .
1081 962 1090 981 .
1117 962 1127 981 .
1152 962 1162 980 .
1190 962 1199 981 .
1226 960 1235 979 .
1261 926 1273 981 ;
1298 958 1563 979 ........
1600 900 1684 978 liora
1705 902 1757 979 11.

348 1034 518 1127 (tempore
542 1031 660 1101 tamen
683 1024 827 1102 hiberno
851 1025 932 1101 solis
955 1024 1079 1101 diebus
1099 1024 1222 1099 Lunae
1247 1028 1283 1098 et
1307 1020 1460 1115 Martia).

345 1146 539 1223 Historiam
566 1144 763 1245 plantarum
785 1143 920 1219 medica
943 1144 1071 1219 virtute
1091 1143 1326 1241 praeditarum
1348 1148 1385 1217 et
1409 1142 1571 1241 pharma-

392 1266 558 1367 cognosin
569 1263 667 1363 regni
678 1262 879 1362 vegetabilis
892 1262 1015 1352 tradet,
1030 1261 1123 1336 horis
1139 1261 1356 1337 auditoribus
1369 1259 1569 1336 commodis.

344 1385 525 1462 Exercitiis
545 1382 703 1484 practicis
723 1382 761 1456 in
782 1388 957 1457 structura
974 1381 1173 1481 plantarum
1193 1404 1260 1480 ope
1279 1377 1493 1480 mioroaoopii
1510 1403 1570 1456 ex·

391 1502 557 1603 ploranda
580 1500 747 1601 praeerit,
768 1498 861 1575 horis
883 1505 1004 1598 postea
1029 1496 1235 1573 indicandis.

343 1620 498 1697 Praeterit
523 1618 783 1696 excursionibus
804 1616 984 1695 botanicia.

248 1869 280 1933 Ρ.
308 1869 344 1933 ο.
363 1870 449 1931 vnN
476 1870 555 1931 ona
582 1869 710 1944 cHIJS,
740 1858 843 1935 titulo
871 1856 1077 1933 Professoris
1104 1854 1376 1932 Extreordinarii
1408 1862 1570 1947 ornatus,

298 1980 591 2057 Numiamaticam
635 1980 863 2056 universalem
899 1976 1057 2067 docebit,
1098 1976 1222 2055 diebus
1258 1982 1294 2050 et
1330 1974 1442 2066 horis,
1484 2000 1573 2076 quae

299 2100 530 2176 Auditoribus
559 2100 772 2177 convenient.

247 2230 275 2291 1.
296 2230 333 2292 a,
353 2228 587 2301 BOOGAARD,
609 2219 706 2295 Med
729 2220 851 2307 Dect,
868 2218 1063 2305 Prosector,
1078 2214 1300 2291 Anatomiem
1320 2214 1574 2315 pathologicam

298 2337 456 2426 docebit,
483 2337 540 2412 die
564 2338 652 2413 lovis
661 2387 1574 2425 ..........................
1623 2337 1761 2415 ll-lV.

344 2454 567 2531 Anatomiam
594 2453 809 2554 generalem,
839 2453 1193 2531 demonstrationibus
1215 2454 1467 2556 microscopicia
1493 2454 1572 2531 illu·

393 2581 557 2664 stratam,
581 2581 750 2673 exponet,
771 2574 828 2649 die
848 2572 1013 2663 Veneria,
1051 2627 1280 2650 .......
1281 2592 1285 2600 ·
1306 2630 1572 2652 ........
1625 2577 1765 2653 ll—lV.

343 2692 543 2770 Excercitiia
574 2692 735 2793 practicis
756 2693 794 2768 in
813 2692 1035 2793 Itiicroacopii
1068 2714 1137 2767 usn
1159 2692 1326 2792 praeierit,
1349 2692 1442 2769 boris
1462 2692 1574 2776 Audi·

394 2812 529 2889 toribus
550 2812 754 2890 commodis.

344 2932 591 3009 Vincturerum
608 2939 643 3008 et
660 2932 1052 3011 lamiarumDoctrinam
1063 2930 1334 3026 demonstrabit,
1345 2932 1574 3010 boriadeinde

395 3052 598 3130 indicandis.

248 3184 283 3246 c.
303 3183 341 3246 n.
360 3184 398 3246 rc
417 3184 455 3245 o.
473 3184 507 3246 r.
526 3185 740 3260 arcuuaua,
760 3175 955 3251 hiantum
972 3149 1259 3251 Germanicarum
1277 3173 1422 3266 Lector,
1447 3175 1573 3252 selecta

296 3293 494 3394 priucipum
517 3294 705 3370 Poetarum
727 3295 1001 3394 germanicorum
1022 3293 1175 3388 carmina
1192 3283 1410 3394 interpretari
1430 3302 1573 3395 paratus
1686 3389 1690 3395 ἢ

295 3420 366 3505 eat,
392 3413 496 3489 simul
524 3413 563 3489 id
591 3421 749 3504 acturus,
781 3421 822 3490 ut
844 3413 899 3490 his
921 3413 1007 3514 ipsis
1032 3413 1198 3515 exemplis
1218 3415 1312 3492 varia
1333 3415 1483 3490 Podseoa
1510 3439 1571 3515 ge·

296 3556 380 3610 nera
402 3533 549 3633 explicet
570 3533 810 3610 Auditoribua.

345 3652 384 3726 Si
407 3653 469 3753 qni
501 3653 570 3728 sint
593 3653 732 3753 linguae
759 3655 984 3732 Germanicae
1009 3655 1125 3731 minus
1151 3653 1269 3755 periti,
1300 3654 1361 3753 qui
1384 3655 1566 3730 Gramma·

394 3774 499 3850 ticam
522 3773 638 3850 doceri
658 3759 820 3873 cupiant,
844 3775 899 3851 his
923 3799 1063 3876 quoque
1084 3774 1325 3850 lubentissime
1350 3771 1496 3849 vacabit.

252 3901 293 3964 lt
311 3902 517 3978 nadweth,
536 3893 733 3970 Literarum
751 3895 978 3995 Anglicarum
999 3895 1143 3986 lector,
1173 3901 1294 3996 pottaa
1318 3893 1485 3993 Anglicoa
1508 3892 1571 3990 qui

298 4013 518 4090 Elisabethae
552 4013 691 4115 reginae
725 4021 880 4114 ternpore
912 4015 1104 4092 floruerunt
1135 4012 1438 4116 interpretabitur,
1476 4015 1570 4091 horis

299 4131 529 4208 Auditoribua
551 4131 753 4208 commodis.
830 4181 833 4186 n

346 4252 443 4328 idern
467 4253 584 4328 minus
604 4258 782 4354 provectas
805 4247 966 4351 privatim
986 4249 1166 4326 instituere
1186 4259 1327 4352 paratus
1348 4257 1413 4329 est.

250 4500 284 4562 c.
303 4499 341 4562 a.
360 4498 561 4577 nonanes,
589 4491 818 4569 Academicus
845 4488 942 4566 Artis
976 4487 1199 4588 gladiatoriae
1225 4488 1413 4589 unguas,
1445 4496 1568 4589 aptum

300 4617 336 4684 et
358 4611 552 4712 elegantem
572 4612 681 4714 gladii
702 4636 808 4690 usum
831 4607 979 4687 docebit.

912 4884 1102 4926 ·*—
