4959 6175
882 699 1160 770 ORATlO.
1713 707 1776 779 103

307 913 478 1002 Habetis,
495 909 704 999 Auditores,
722 933 812 1012 quae
830 912 875 986 de
892 910 997 986 rebus
1010 913 1220 988 Academiae
1239 910 1390 988 adversis
1404 913 1441 988 in
1461 911 1615 988 medium
1629 916 1778 1015 prolerre

259 1046 339 1114 ante
371 1036 461 1110 duas
485 1034 621 1108 dierum
643 1031 878 1106 hebdomades
895 1032 1047 1122 decrevi,
1069 1041 1197 1132 putans
1219 1058 1283 1108 nos
1303 1033 1394 1110 tristi
1417 1035 1647 1134 parentalium
1667 1037 1778 1112 officio

262 1157 445 1232 defunctos
468 1177 552 1228 esse.
604 1148 637 1226 O
660 1150 815 1226 fallacem
840 1153 1019 1228 hominnm
1045 1177 1163 1252 spem,
1189 1160 1224 1228 et
1247 1154 1367 1228 inanes
1389 1154 1776 1253 nostrasoogitetionesl

261 1276 423 1377 Duplicis
451 1274 544 1349 enim
575 1270 707 1345 funeris
736 1270 827 1346 laeta
855 1280 909 1346 cst
938 1272 1096 1348 accessio.
1146 1273 1240 1347 Nam
1272 1272 1364 1347 diem
1397 1273 1484 1348 obiit
1509 1273 1573 1346 Vir
1593 1275 1777 1375 Amplissi-

258 1420 342 1471 mus
365 1417 518 1470 uaccam
541 1413 736 1466 oenones
761 1413 836 1465 vsu
859 1413 945 1481 nus,
970 1416 1096 1490 quem,
1121 1416 1333 1491 quamquam
1358 1391 1565 1494 iamdudum
1588 1417 1608 1468 e
1631 1396 1776 1472 Curato·

257 1539 338 1590 rum
363 1512 519 1613 Collegio
543 1510 728 1585 honorifice
753 1510 954 1601 dimissum,
978 1537 1048 1586 non
1072 1519 1190 1587 tamen
1222 1511 1359 1587 silentio
1384 1512 1485 1587 nobis
1506 1515 1777 1612 praetermittere

240 1635 347 1710 licet.
398 1635 452 1708 Ea
475 1631 568 1706 enim
597 1628 784 1729 aliqnando
805 1630 917 1731 viguit
938 1633 1198 1732 perspicacitate
1225 1641 1261 1706 et
1286 1640 1444 1708 accurata
1468 1633 1640 1736 venarum
1661 1657 1777 1712 rerum

258 1753 420 1842 scientia,
445 1763 487 1826 ut
507 1749 637 1825 multos
658 1749 765 1849 longo
785 1759 866 1850 post
887 1777 925 1826 se
947 1752 1155 1851 relinqueret
1178 1753 1366 1828 intervallo.
1416 1753 1462 1826 Et
1487 1752 1608 1829 harum
1633 1755 1776 1853 quidem

258 1875 403 1950 laudum
434 1871 487 1946 vis
516 1870 554 1944 in
585 1869 690 1944 nullis
719 1893 788 1943 non
824 1871 928 1946 rebus
960 1873 1120 1972 gerendis
1148 1897 1277 1972 magna
1305 1879 1379 1962 est,
1411 1872 1564 1948 maxima
1591 1883 1708 1948 autem
1739 1874 1777 1948 in

257 2017 373 2068 rerum
400 1991 621 2092 publicarem
646 1989 954 2064 administmtione.
1004 1989 1102 2068 Quid
1127 2014 1224 2079 vero,
1255 1990 1285 2066 si
1308 2013 1368 2064 ese
1392 1998 1529 2089 praesto
1551 1999 1634 2066 sunt
1655 1992 1777 2092 populi

261 2110 440 2212 delegato,
466 2111 538 2184 viro
561 2109 675 2183 eidem
698 2108 779 2184 lorti
799 2117 835 2183 ct
853 2110 1025 2183 constanti
1044 2118 1081 2183 et
1098 2110 1229 2208 patriae
1252 2109 1514 2185 amantissimo?
1561 2112 1638 2185 Aut
1660 2111 1775 2201 fallor,

258 2241 318 2305 aot
346 2230 489 2304 historia
519 2228 669 2327 patriae,
695 2252 738 2302 ea
760 2226 958 2302 describens
983 2237 1154 2327 tempora,
1179 2253 1269 2328 quae
1295 2229 1389 2326 turpi
1409 2229 1598 2304 multorum
1621 2239 1776 2308 metuet

260 2350 454 2424 adulatione
487 2357 523 2423 et
555 2347 691 2421 silentio
718 2355 838 2422 notata
861 2357 958 2437 sunt,
983 2348 1020 2421 in
1043 2347 1108 2422 hoc
1130 2347 1202 2421 viro
1226 2346 1438 2446 praedicabit
1462 2347 1584 2423 harum
1607 2349 1775 2425 virtutum

262 2479 487 2544 momentum.
536 2471 618 2547 Qua
642 2491 724 2543 voce
747 2474 908 2568 accepta,
931 2491 1001 2542 non
1026 2466 1174 2543 deerunt
1195 2469 1258 2566 qui
1282 2468 1366 2543 boec
1390 2466 1536 2541 addant:

719 2721 827 2781 lustum
846 2727 876 2780 et
893 2726 1017 2782 mnaoem
1037 2719 1171 2818 propositi
1190 2721 1280 2781 virum

721 2823 789 2883 Non
808 2823 909 2884 sirium
929 2822 1012 2884 ardor
1029 2843 1115 2905 prava
1131 2824 1301 2901 iubentium,

777 3232 809 3290 si
827 3231 930 3293 tractus
948 3232 1078 3293 illabatur
1097 3232 1173 3293 orbis

775 3333 949 3415 Impavidom
967 3335 1069 3397 ferient
1087 3336 1192 3397 minse.

307 3562 557 3664 Amplissimns
578 3586 653 3639 van
679 3587 746 3639 uns
777 3588 848 3639 non
875 3572 956 3640 ante
980 3565 1024 3639 de
1050 3564 1140 3639 vitae
1173 3562 1320 3640 statione
1346 3564 1509 3654 decessit,
1539 3588 1645 3663 quam
1676 3564 1771 3640 senio

262 3684 432 3759 conlectus
455 3694 601 3759 mortem
627 3683 696 3758 sibi
717 3684 755 3759 in
778 3684 874 3759 lucro
896 3684 1062 3784 deputare
1084 3682 1216 3759 debuit.

310 3804 380 3878 Sed
408 3804 594 3903 exspiravit
621 3804 726 3878 etiam
752 3804 804 3878 uir
830 3804 889 3879 ille
916 3804 1160 3879 dilectissimus
1185 3803 1247 3902 qui
1268 3801 1369 3877 nobis
1389 3826 1550 3902 prospera
1574 3802 1771 3877 valetudine

264 3922 330 3997 imi
348 3922 549 4013 ridebatur,
572 3922 630 3998 cui
648 3946 751 3998 nemo
771 3947 865 3998 unus
887 3931 1035 3999 mortem
1058 3925 1186 4000 instare
1214 3922 1360 4023 putavit.
1409 3920 1465 3995 De
1492 3921 1563 3996 vita
1583 3920 1770 3997 decessisse

265 4066 423 4118 ircosus
447 4067 521 4118 vnn
547 4066 649 4117 sinn
679 4044 836 4119 nondum
862 4052 978 4119 mente
1006 4044 1286 4146 complectimur,
1317 4050 1372 4133 et,
1403 4050 1569 4141 tanquam
1594 4039 1769 4115 absentiae

264 4184 398 4249 causam
438 4161 655 4261 ignorantes,
691 4163 773 4238 illuc
807 4164 983 4238 interdum
1015 4164 1213 4253 intuemur,
1251 4162 1281 4237 si
1320 4162 1408 4237 forte
1442 4160 1543 4236 adeat
1579 4170 1615 4234 et
1655 4159 1769 4234 locum

266 4304 384 4369 suom,
408 4282 509 4356 nobis
532 4282 783 4382 gaudentibus,
807 4292 964 4382 occupet.
1013 4284 1145 4358 Siccine
1172 4282 1305 4371 affecti,
1331 4282 1436 4355 vitam
1460 4280 1583 4379 optimi
1608 4278 1769 4378 Collegae

260 4399 518 4477 enarrabimus?
566 4406 690 4482 Quum
718 4401 845 4477 abhinc
871 4402 1057 4502 quatriduo
1081 4402 1192 4476 filium
1216 4401 1404 4477 viderimus
1424 4398 1552 4498 insigni
1573 4422 1654 4473 oum
1674 4422 1767 4472 moe·

258 4542 329 4593 rore
354 4520 400 4595 ad
425 4522 534 4621 patris
555 4523 752 4623 sepulcrum
775 4524 989 4613 adstantem,
1022 4545 1201 4621 quumque
1224 4520 1361 4595 animus
1382 4517 1539 4593 nondum
1567 4542 1586 4591 e
1609 4515 1768 4615 lacrymis

258 4639 447 4728 emerserit,
484 4664 570 4715 num
602 4647 834 4739 opportunum
873 4651 927 4716 est
957 4642 1001 4716 de
1034 4640 1208 4715 natalibus
1243 4648 1278 4714 et
1312 4638 1356 4713 de
1395 4636 1598 4712 muneribus
1629 4636 1790 4711 dicere.⁹⁴

256 4756 391 4855 Frigida
421 4755 507 4832 lraec
530 4768 635 4858 atque
661 4760 779 4859 inepta
806 4768 898 4835 sunt.
948 4762 1006 4835 An
1030 4784 1108 4835 vero
1127 4759 1316 4859 imaginem
1342 4758 1417 4835 eius
1439 4756 1662 4858 contemplari
1691 4756 1765 4831 vul·

257 4874 324 4951 tis?
371 4875 444 4950 Sed
473 4876 569 4952 haud
599 4877 689 4968 scio,
722 4902 768 4955 on
802 4878 887 4956 lraec
918 4879 1045 4971 menti,
1079 4878 1208 4955 recenti
1239 4878 1337 4956 clade
1365 4878 1529 4970 iactatae,
1562 4902 1631 4953 non
1655 4874 1765 4973 magis
