4959 6175
643 674 687 755 td
1248 675 1282 746 Ρ.
1318 675 1569 745 HARTlNG

644 908 734 983 quae
763 882 840 956 eius
870 881 1054 959 memoriae
1077 882 1245 972 debetur,
1271 884 1423 959 alienum
1445 909 1626 960 censemus
1648 881 1736 956 illud
1755 903 2042 969 commemorare,
2067 883 2163 980 quod

642 1003 711 1102 ipsi
740 999 927 1100 aliquando
954 1027 1036 1078 eum
1067 1003 1239 1078 dicentem
1265 1003 1482 1093 audivimus,
1509 1029 1545 1078 se
1571 1011 1746 1078 auctorem
1770 1000 1877 1076 luisse
1901 1002 2091 1076 sententiae
2118 1003 2163 1078 de

644 1123 884 1220 disquisitione
917 1122 1057 1220 publica
1091 1147 1171 1198 cnm
1200 1123 1365 1198 omnibus
1390 1123 1624 1211 instituenda,
1649 1122 1711 1222 qui
1737 1146 1774 1196 se
1803 1120 1839 1195 in
1863 1121 2002 1196 Civium
2027 1122 2160 1197 Acade·

645 1244 812 1319 micorum
846 1242 966 1317 album
997 1242 1115 1317 referri
1149 1251 1326 1342 cuperent.
1376 1245 1422 1318 Et
1457 1245 1535 1318 licet
1560 1268 1623 1317 nos
1649 1241 1753 1316 huius
1778 1239 2046 1338 disquisitionis,
2072 1266 2163 1317 anno

648 1366 741 1437 1845
765 1362 933 1451 sancitae,
949 1362 1095 1437 formam
1115 1363 1337 1438 strationem
1355 1364 1548 1438 universam
1564 1389 1585 1438 a
1600 1364 1789 1437 multorum
1808 1361 2162 1436 animadversionibus

644 1483 735 1559 tueri
772 1483 944 1570 nolimus,
977 1483 1159 1582 multiplex
1195 1492 1310 1558 tumen
1342 1484 1451 1582 ipsius
1486 1484 1536 1558 rei
1572 1484 1622 1558 vis
1657 1483 1702 1556 ad
1729 1481 1982 1556 emendandam
2012 1481 2161 1580 discipli-

645 1629 727 1680 nam
766 1603 1003 1678 scholasticam
1039 1604 1157 1702 negari
1194 1603 1290 1677 nullo
1325 1605 1429 1678 modo
1457 1612 1582 1702 potest.
1632 1605 1685 1678 Ac
1717 1603 1870 1701 prolecto
1902 1603 2160 1700 opportunitas,

646 1748 752 1821 quam
790 1747 832 1796 ea
872 1722 1068 1820 disquisitio
1100 1722 1282 1820 praebuit,
1317 1723 1456 1798 arcendi
1493 1723 1538 1798 ab
1573 1723 1797 1797 Institutione
1824 1723 1998 1821 superiore
2032 1722 2161 1796 adoles-

645 1851 763 1918 centes
796 1842 948 1940 ineptos,
988 1842 1090 1941 longe
1130 1841 1351 1940 multumque
1382 1843 1623 1944 anteponenda
1657 1852 1711 1918 est
1747 1843 1814 1917 illis
1844 1842 2022 1930 Decretis,
2057 1867 2160 1940 quae,

646 1963 788 2040 auctore
804 1963 900 2061 regio
919 1986 1034 2036 rerum
1056 1962 1322 2037 domesticarum
1347 1963 1540 2052 Praefecto,
1565 1964 1609 2038 ab
1630 1989 1722 2039 anno
1740 1965 1835 2037 1850
1857 1963 1902 2038 ad
1920 1987 2051 2040 annum
2070 1966 2163 2037 1853

646 2082 903 2182 imperitissimo
928 2090 964 2154 et
989 2081 1206 2180 ineptissimo
1227 2080 1354 2179 cuique
1380 2081 1592 2157 liberrimum
1616 2085 1662 2158 ad
1682 2084 1904 2159 Academiam
1929 2083 2066 2157 aditum
2085 2107 2164 2158 con·

646 2212 829 2279 cesserant.
880 2203 1199 2290 Onanrvanoano,
1232 2202 1396 2276 omnibus
1423 2203 1527 2276 rebus
1554 2203 1697 2278 modum
1724 2211 1760 2276 et
1782 2203 1938 2277 ordinem
1967 2203 2163 2292 adhibenti,

646 2349 709 2411 ea,
741 2322 779 2397 in
809 2347 914 2421 quam
937 2321 1071 2395 detrusi
1096 2344 1257 2409 eremus,
1291 2322 1443 2396 conditio
1467 2323 1648 2398 videbatur
1670 2323 1837 2412 ἀταξία,
1863 2347 1969 2422 quam
1997 2349 2042 2398 eo
2068 2322 2162 2399 uehe-

647 2443 800 2518 mentius
834 2441 994 2529 dolcbat,
1027 2467 1098 2540 quo
1130 2441 1257 2516 certius
1288 2442 1354 2541 ipsi
1382 2467 1585 2541 persuasum
1609 2453 1681 2518 erat
1703 2443 1904 2540 desummo
1931 2443 2164 2518 Institutionis

645 2561 874 2638 Academicae
894 2569 1089 2650 momento,
1113 2589 1253 2663 quoque
1278 2562 1455 2638 lubentius
1481 2565 1556 2664 ipse
1586 2565 1666 2639 huic
1694 2563 1932 2662 prospiciebat.
1981 2565 2162 2637 Affirmure

646 2681 743 2770 licet,
768 2706 850 2755 eum
876 2681 914 2754 in
940 2681 1046 2755 huius
1073 2682 1122 2756 rei
1147 2683 1356 2783 cogitatione
1384 2684 1495 2783 magis
1526 2683 1706 2783 magisque
1733 2685 1887 2758 defixum
1915 2683 2030 2757 luisse.
2079 2683 2162 2756 Mu-

647 2827 729 2876 nere
750 2800 944 2901 graphiario
966 2802 1014 2876 sic
1037 2802 1267 2901 fungebatur,
1293 2829 1374 2878 eum
1399 2817 1438 2877 ut
1464 2827 1533 2878 non
1560 2805 1671 2904 magis
1696 2804 1884 2879 honestetis
1909 2827 2014 2877 sensu
2037 2801 2165 2876 moveri

647 2946 753 3022 quam
787 2921 904 2996 studio
938 2922 1139 2999 deliciarum
1176 2948 1318 2999 suarum
1356 2924 1437 2998 duci
1468 2933 1618 3023 putares.
1670 2925 1768 3000 Haec
1800 2932 1854 2998 est
1883 2923 2001 3023 opinio
2030 2919 2166 2996 illorum

644 3041 902 3130 Professorum,
935 3042 1066 3142 quide
1091 3043 1350 3145 disciplinarum
1381 3068 1520 3119 suorum
1545 3045 1738 3121 commodis
1764 3043 1963 3143 saepissime
1994 3063 2165 3116 sermones

646 3186 728 3237 cum
751 3187 792 3236 ec
812 3163 1036 3239 miscuerunt.
1086 3164 1250 3241 Laudant
1275 3166 1350 3240 eiua
1371 3166 1408 3240 in
1438 3167 1611 3241 audiendo
1634 3166 1930 3253 benevolentiam,
1952 3161 1993 3237 ‘in
2018 3161 2167 3237 consiliis

646 3283 885 3383 impertiendis
909 3283 1138 3372 alacritatem,
1163 3286 1199 3359 in
1231 3286 1417 3360 annuendo
1443 3286 1552 3375 uotis,
1578 3310 1769 3384 quaecum
1793 3284 2028 3360 subsidiorum
2054 3281 2165 3383 publi·

649 3429 767 3478 corum
801 3405 971 3479 tenuitate
996 3430 1065 3479 non
1092 3406 1232 3479 omnino
1258 3406 1482 3505 pugnabant,
1506 3406 1767 3494 liberalitatem,
1801 3406 1862 3479 sed
1891 3405 2037 3479 laudant
2063 3403 2165 3478 etiam

648 3524 723 3610 eius
757 3525 794 3599 in
826 3524 1062 3601 dissentiendo
1093 3533 1128 3600 et
1156 3525 1346 3600 recusando
1378 3526 1630 3601 humanitatem
1662 3526 1888 3625 inprimisque
1924 3533 2034 3600 artem
2073 3523 2166 3597 illam

647 3644 883 3719 difficillimam
920 3645 1151 3743 persuadendi
1181 3644 1402 3743 rogantibus,
1436 3645 1510 3719 iure
1544 3645 1735 3743 meritoque
1757 3645 1852 3720 baud
1878 3644 2036 3719 satisfieri
2062 3643 2165 3729 votis,

647 3789 717 3837 non
743 3790 822 3837 vero
846 3765 899 3837 vel
919 3765 1105 3839 amicitiam
1127 3763 1180 3838 vel
1202 3764 1439 3839 institutorum
1463 3766 1681 3863 quorundam
1700 3764 1989 3840 Academicorum
2016 3786 2164 3837 amorem

647 3891 762 3981 partes
785 3882 849 3956 bac
876 3882 912 3956 in
937 3908 1102 3981 reagere
1129 3883 1225 3959 ullas.
1276 3885 1419 3972 Dicam,
1445 3886 1538 3984 quod
1565 3886 1695 3974 sentio,
1721 3908 2032 3960 caanrvnnoanus
2055 3884 2166 3982 ipsam

648 4000 872 4077 Academiam
899 4002 1083 4101 diligebat;
1118 4005 1212 4101 quod
1245 4003 1349 4078 huius
1378 4005 1568 4079 commodis
1600 4014 1635 4080 et
1661 4006 1853 4080 rationibus
1880 4004 2104 4092 inserviebat,
2129 4001 2165 4075 id

649 4146 752 4197 omne
773 4121 884 4219 ipsius
906 4122 1162 4207 commodorum
1186 4149 1266 4223 pars
1289 4150 1414 4225 magna
1438 4134 1606 4213 evaserat,
1633 4133 1779 4226 utraque
1802 4134 1969 4224 tanquam
1993 4124 2030 4197 in
2057 4148 2163 4197 unum

648 4243 855 4318 coaluerant.
905 4242 1000 4317 Hinc
1020 4269 1061 4318 ea
1082 4244 1132 4318 illi
1154 4244 1344 4342 plurimum
1365 4254 1401 4319 et
1423 4246 1583 4320 ultimum
1607 4246 1785 4321 obversata
1810 4252 1913 4333 sunt,
1939 4268 2049 4343 quum
2071 4242 2166 4341 gravi

626 4362 893 4460 ‚mortiteroque
930 4363 1052 4439 morbo
1086 4363 1230 4439 affectus
1265 4374 1300 4439 et
1326 4364 1431 4454 febri,
1465 4390 1554 4463 quae
1581 4373 1734 4439 mentem
1768 4364 1959 4452 alienabat,
1996 4365 2166 4449 luctatus,

653 4482 755 4556 verba
780 4492 895 4557 temen
919 4484 1119 4581 protulerit,
1143 4485 1352 4559 Academiae
1379 4510 1532 4559 amorem
1555 4484 1731 4583 spirantia.
2190 4484 2192 4487 ’

701 4604 839 4689 Metus,
864 4604 1010 4701 nequid
1034 4604 1101 4701 ipsi
1119 4605 1305 4693 accideret,
1330 4606 1492 4680 sollicitos
1515 4604 1729 4704 aliquamdiu
1750 4604 1872 4680 habuit
1894 4612 1930 4679 ct
1948 4616 2113 4703 cognatos
2134 4612 2170 4675 ct

651 4722 779 4795 amicos
806 4729 842 4794 et
869 4746 989 4826 omnes
1010 4724 1139 4821 quibua
1160 4724 1350 4799 Academia
1366 4726 1568 4800 ¹Traiectina
1595 4724 1689 4798 cordi
1716 4732 1787 4811 est;
1822 4724 1876 4797 hic
1898 4732 2034 4810 autem,
2060 4746 2168 4821 quum

652 4841 708 4915 die
735 4844 757 4915 6
780 4841 909 4917 mensis
934 4843 1086 4917 Ianuarii
1109 4844 1145 4918 in
1168 4844 1410 4943 gravissimum
1442 4846 1573 4920 luctum
1606 4844 1712 4933 abiit,
1748 4845 1946 4918 iudicarunt
1973 4867 2094 4917 omnes
2125 4842 2170 4915 ad
