4959 6175
694 684 736 759 lo
878 698 884 713 ¹
1237 684 1264 755 l.
1298 683 1339 756 G.
1373 684 1667 757 truttmunt

692 890 950 995 compositionis
974 888 1191 971 histrionsles
1224 894 1346 972 modos
1378 892 1430 971 lte
1459 894 1497 971 in
1528 890 1677 971 dioeudo
1698 890 1960 992 exprimebent,
1993 898 2034 969 ut
2062 900 2216 975 oratores

693 1025 808 1093 tenere
830 1012 963 1103 dicere,
993 1010 1176 1089 histriones
1200 1016 1329 1092 diruto
1352 1014 1477 1093 sotus
1500 1012 1645 1114 quidm
1663 1009 1761 1089 hsnd
1781 1009 1910 1089 iniuris
1933 1012 2130 1092 iooorentur
2149 1018 2212 1112 ⁴⁰).

693 1133 856 1233 Denique
877 1132 1004 1209 ortium
1028 1131 1206 1211 seientiam
1238 1132 1508 1235 sispeotemos,
1540 1156 1670 1233 mogus
1691 1138 1767 1207 eret
1791 1129 1848 1207 bis
1874 1130 2011 1209 disemis
2034 1140 2072 1209 et
2094 1134 2214 1235 legum

694 1262 731 1331 et
752 1251 1129 1331 senstusoonsultomm
1163 1252 1380 1353 ignorantis,
1413 1253 1502 1331 mire
1526 1250 1740 1351 oontemptu'o
1768 1249 1876 1341 iuris,
1909 1250 2149 1353 philosophise
2177 1261 2214 1331 et

693 1372 925 1477 exquisitioris
945 1370 1122 1449 doetrinae
1144 1372 1372 1473 despicientis
1391 1374 1453 1467 ⁴¹).
1502 1373 1602 1450 Heeo
1622 1372 1731 1472 igitur
1755 1370 1973 1461 umbratilis,
2003 1371 2090 1449 bueo
2111 1372 2215 1473 pleno

690 1492 799 1571 luenti
831 1492 954 1569 nitoris
989 1492 1186 1592 eloquentis
1225 1494 1381 1593 antiquis
1414 1492 1485 1571 illis
1515 1490 1711 1585 forensibus
1732 1492 1993 1570 -oertnminibus
2029 1496 2211 1584 sumserit,

693 1638 804 1713 quum
831 1612 994 1689 submoto
1017 1638 1038 1689 o
1060 1612 1152 1689 noris
1175 1612 1325 1712 publicis
1348 1612 1540 1689 multitudo
1561 1619 1729 1711 tunquam
1758 1612 1867 1689 enimi
1887 1613 2089 1689 remimdi
2110 1638 2213 1691 osuso

692 1735 728 1809 in
762 1734 837 1811 loro
870 1733 1057 1823 otiaretur,
1094 1732 1184 1809 viros
1210 1739 1329 1809 eutem
1357 1732 1543 1832 nobiliores
1564 1731 1707 1807 vixdum
1730 1731 1895 1809 eruiteret
1917 1732 1956 1808 id
1985 1733 2212 1832 quodlibeto

691 1879 728 1931 re
750 1853 890 1954 publius
922 1852 990 1929 sibi
1017 1861 1279 1953 persuaserunt,
1313 1852 1489 1929 nominem
1516 1852 1592 1927 eine
1619 1851 1817 1950 eloquentie
1841 1858 1905 1927 ent
1934 1850 2081 1953 odseqni
2113 1877 2213 1953 posse

691 1976 728 2051 in
754 1973 892 2051 civitate
929 1980 992 2049 ent
1024 1971 1116 2049 tueri
1145 1972 1372 2072 oonspiouum
1397 1983 1435 2048 et
1465 1972 1677 2049 eminentem
1707 1971 1824 2047 looom
1841 1974 1904 2064 ⁴⁸).
1952 1970 2033 2047 Hoo
2063 1972 2212 2063 eddom,

690 2096 761 2171 ium
796 2118 837 2171 eo
867 2091 1105 2193 impudentiae
1139 2099 1217 2169 tum
1250 2114 1452 2192 pmoossum
1483 2118 1579 2183 esse,
1613 2100 1759 2169 utnon
1790 2098 1930 2169 tentum
1961 2092 2212 2169 oodneiosimus

691 2214 839 2315 quisque
863 2237 1062 2313 magnoque
1081 2236 1124 2287 ex
1144 2218 1243 2312 porte
1263 2212 1511 2291 ndoloeoentoli
1528 2212 1669 2291 obscuri
1686 2212 1733 2289 od
1751 2211 2020 2287 deolnmnndum
2037 2211 2077 2287 in
2099 2212 2213 2288 ierom

688 2334 893 2422 transirent,
929 2332 983 2407 vel
1018 2331 1136 2431 potius
1173 2332 1424 2433 irrumperent3
1460 2334 1524 2410 sed
1549 2339 1777 2433 sequerentur
1807 2332 2005 2422 auditores,
2038 2331 2212 2408 oetonbus

689 2454 838 2543 similes,
862 2477 884 2529 o
907 2450 1065 2550 muuoipe
1089 2452 1254 2528 oondooti
1274 2460 1312 2529 et
1334 2453 1527 2555 redempti,
1550 2454 1614 2553 qui
1635 2453 1719 2529 doto
1738 2452 1839 2553 siguo
1865 2449 2020 2527 infinitos
2047 2451 2213 2528 olumores

687 2578 953 2653 eommoverent.
1007 2570 1073 2647 Est
1092 2596 1175 2673 ergo
1197 2596 1269 2649 non
1291 2581 1365 2651 tem
1386 2598 1427 2649 re
1447 2598 1556 2675 quom
1575 2574 1674 2651 dioto
1691 2572 1869 2663 mirabile,
1889 2572 1937 2649 A.
1947 2571 2009 2649 Al
2034 2572 2099 2648 hos
2117 2572 2212 2672 ipsos

687 2698 854 2774 olomores
878 2692 979 2795 qussi
1002 2716 1160 2771 normam
1184 2694 1313 2773 butem
1343 2718 1437 2785 esse,
1462 2694 1509 2771 ed
1533 2718 1641 2795 quem
1666 2717 1772 2771 suum
1801 2694 1848 2769 de
1876 2692 2041 2769 ineundis
2069 2693 2212 2771 oretoris

687 2815 857 2893 iudicium
880 2815 986 2891 etiem
1010 2814 1072 2915 qni
1095 2838 1166 2891 nou
1191 2814 1372 2891 audissent
1401 2815 1485 2891 sotis
1508 2823 1603 2892 nerto
1630 2814 1735 2914 dirigi
1754 2838 1857 2915 posse
1880 2812 2065 2915 putebeut
2114 2812 2213 2893 Quid

687 2936 824 3014 multu?
872 2934 1068 3012 Videbatur
1089 2934 1150 3013 illo
1171 2934 1325 3035 pessime
1347 2934 1494 3026 dirim,
1517 2934 1582 3035 qni
1604 2934 1767 3011 hudntus
1788 2942 1881 3011 esset
1899 2933 2052 3011 menime
2073 2932 2139 3025 ⁴⁸).

734 3051 925 3158 Reliquum
948 3059 1002 3129 est
1024 3060 1067 3130 ut
1088 3054 1259 3132 rationem
1281 3053 1472 3132 bubenrnus
1496 3054 1747 3156 philosophire.
1794 3054 1897 3133 Heee
1917 3060 2037 3132 eutem
2061 3053 2219 3132 olitoris·

688 3175 822 3252 Ietinis
849 3199 1031 3275 nunquam
1056 3173 1170 3251 obluit
1197 3175 1311 3276 magis
1336 3201 1443 3275 quom
1473 3176 1543 3252 illis
1573 3176 1776 3277 dequibus
1804 3177 1943 3277 egium
1976 3172 2211 3275 temporibus,

685 3320 798 3396 usque
822 3319 864 3372 eo
883 3302 924 3372 nt
944 3293 1062 3372 nullm
1079 3304 1156 3371 tum
1176 3295 1347 3372 inuenerit
1365 3297 1606 3396 explanatores
1623 3297 1681 3374 vel
1698 3296 1914 3398 interpretes.
1950 3293 2208 3394 Philosophiam

686 3415 749 3516 qui
771 3413 908 3516 seriptis
928 3414 1147 3494 illustrarunt
1167 3416 1291 3492 Groeei
1311 3415 1473 3508 luerunt,
1498 3439 1669 3518 quorem,
1686 3425 1729 3494 ut
1747 3415 2021 3520 proetermittom
2039 3413 2077 3490 iu
2097 3412 2208 3514 putris

585 3613 589 3620 .
683 3537 754 3614 iem
778 3536 963 3637 degentem
980 3557 1231 3614 Pnut'ncfluu
1249 3557 1567 3630 conuersum,
1584 3539 1737 3616 menime
1754 3539 1992 3616 induruerunt
2012 3535 2205 3612 Stoieorom

682 3656 808 3755 punies
842 3655 987 3756 professi
1017 3675 1341 3732 umusronrrnrrus
1370 3638 1589 3749 percurres,
1620 3659 1778 3736 Musonii
1810 3660 1896 3735 Rufi
1924 3653 2131 3756 discipulos,
2166 3658 2204 3728 et

685 3797 872 3852 rsossuus
895 3800 960 3852 nro
979 3775 1051 3852 sive
1075 3799 1381 3868 euersosrorsum
1402 3777 1625 3854 inoleresoere
1645 3779 1750 3856 etium
1772 3784 1960 3880 eoepersmt
1977 3795 2076 3852 runo
2093 3797 2203 3852 euru·

685 3917 804 3972 morus
836 3901 873 3970 et
898 3896 1040 3974 Grueois
1071 3895 1171 3972 lnoile
1202 3895 1485 3974 ndnumeruudns
1515 3919 1725 3976 revomens
1755 3921 2018 3976 summere.
2066 3896 2206 3973 Horum

683 4013 743 4092 ille
767 4013 983 4092 Platonicum
1012 4014 1269 4115 philosophum
1287 4040 1370 4092 oum
1403 4016 1695 4118 Pythagoreorum
1721 4020 1879 4097 doohine
1901 4017 2106 4107 ooninnrit,
2137 4039 2204 4117 quo

683 4133 761 4234 ipss
794 4141 872 4210 tum
907 4133 1061 4233 ntiquom
1085 4133 1237 4212 nominis
1270 4134 1400 4212 lomsm
1423 4146 1630 4214 oonseontus
1651 4146 1707 4216 mt
1730 4159 1962 4217 sternentes
1983 4157 2203 4222 nemesus

683 4253 874 4358 Fovonnus
897 4261 1038 4346 eutem,
1060 4255 1175 4334 Dione
1203 4264 1425 4359 preeoeptore
1447 4284 1553 4349 usus,
1575 4260 1710 4337 Rusone
1732 4268 1769 4337 et
1798 4260 2005 4337 theoricam
2023 4263 2061 4333 et
2094 4255 2202 4356 philo-

684 4374 840 4475 sephion
860 4375 1057 4476 protessus,
1080 4377 1218 4478 dignior
1247 4378 1386 4480 estqui
1414 4379 1454 4456 in
1476 4379 1709 4480 sophistrnum
1731 4407 1839 4482 qoem
1860 4381 1898 4455 in
1919 4377 2203 4480 philosophorum

683 4517 870 4574 numerum
893 4497 1123 4576 sdseribetur.
1171 4497 1247 4575 Sub
1269 4498 1354 4576 hoeo
1381 4499 1477 4576 eninr
1502 4508 1659 4600 ternpore
1683 4523 1798 4601 genos
1817 4500 2070 4578 Greeenlorum
2092 4520 2202 4596 quum

681 4616 720 4692 in
744 4615 849 4694 Asine
881 4617 1009 4717 oppido
1031 4624 1068 4694 et
1097 4619 1257 4696 Athones
1279 4619 1375 4696 houd
1408 4621 1460 4696 ito
1480 4618 1618 4721 pridem
1649 4619 1860 4722 irrepsisset,
1894 4619 2001 4697 etium
2028 4620 2067 4694 iu
2098 4622 2202 4716 eoput

680 4736 819 4837 imperii
846 4737 1000 4815 Romum
1031 4739 1188 4816 deletum
1210 4747 1284 4830 est,
1318 4740 1383 4816 ubi
1405 4739 1591 4841 sophetim
1619 4765 1686 4817 eos
1714 4741 1871 4828 doetrine
1894 4740 2024 4841 puriter
2051 4737 2202 4839 philoso-

680 4855 782 4955 pbine
804 4865 912 4960 utque
934 4858 1153 4959 eloquentius
1172 4859 1348 4960 quidquid
1364 4869 1576 4940 runnnseret
1594 4863 1814 4942 eorumieouit
1831 4870 1868 4939 et
1888 4859 2065 4964 pervertit
2099 4859 2201 4939 Qoee
