4959 6175
512 1371 746 1437 assumas
775 1373 1046 1436 namucum
1076 1369 1310 1434 cuusuouus
1336 1371 1491 1436 QUIQUE
1518 1375 1570 1436 118
1597 1376 1650 1436 ΔΒ
1678 1375 1790 1439 touls

552 1477 616 1550 RS,
643 1475 928 1550 Paosussottffl,
947 1475 1122 1554 auum,
1142 1475 1424 1539 CUIUSOUNQUE
1443 1477 1606 1542 uacuus
1625 1479 1677 1540 ΕΤ
1697 1478 1790 1542 L001

554 1577 780 1642 AUDITORBS
798 1578 1113 1642 uxorusrrsstmt
1577 1589 1578 1592 ’

393 2087 558 2192 flecteris
588 2113 788 2213 Magnifici,
818 2137 962 2190 munere
995 2113 1175 2202 abeuntis,
1207 2113 1337 2213 duplex
1364 2120 1418 2188 est
1445 2113 1617 2203 officium,
1642 2114 1789 2190 alterum

273 2233 521 2323 amessarium,
551 2233 782 2310 voluntarium
816 2236 975 2312 alterum,
1024 2235 1119 2310 Nam
1151 2232 1317 2308 articulus
1345 2235 1415 2307 251
1452 2233 1594 2310 Decreti
1619 2233 1725 2334 Regii
1749 2237 1791 2310 de

275 2355 494 2430 Institutione
525 2355 709 2452 aspersae
739 2353 839 2430 iubet
866 2377 949 2430 eum
981 2378 1038 2430 res
1064 2352 1292 2442 Academiae,
1316 2351 1393 2450 ipso
1421 2351 1588 2441 Rectore,
1614 2377 1792 2454 prosperas

276 2484 310 2548 et
340 2473 499 2549 adsumo
532 2497 710 2562 enarrare,
746 2483 801 2564 et,
835 2474 980 2550 silorte
1010 2474 1134 2549 harum
1168 2497 1285 2548 rerum
1318 2473 1598 2548 commemoratio
1628 2473 1792 2548 orationis

276 2591 537 2690 amplitudinem
571 2599 774 2670 assecutura
807 2619 876 2670 non
907 2599 978 2683 est,
1010 2599 1088 2669 tum
1119 2593 1152 2668 si
1178 2593 1314 2669 veniam
1338 2594 1398 2669 dat
1423 2591 1575 2694 eligendi
1598 2595 1794 2696 argumenti

274 2711 471 2810 peculiaris,
494 2713 540 2788 dc
563 2738 635 2813 quo
657 2731 773 2790 coram
796 2715 878 2790 viris
902 2713 1013 2790 doctis
1035 2713 1140 2790 verba
1163 2712 1276 2790 iaciat.
1482 2724 1489 2728 ’
1544 2709 1548 2712 ’

323 2831 500 2931 Equidem
531 2857 593 2934 por
622 2834 809 2911 maximam
839 2835 1063 2935 magistratus
1096 2833 1168 2910 mei
1197 2840 1331 2934 partem
1367 2833 1500 2934 speravi
1533 2832 1606 2912 lore
1634 2843 1676 2911 nt
1710 2834 1796 2910 mlhi

277 2951 343 3026 hac
366 2951 468 3027 venia
488 2953 541 3027 nti
563 2953 688 3031 liceret.
739 2955 810 3031 Sed
829 2979 945 3056 spem,
970 2955 1077 3030 cheul
1111 2978 1249 3030 menses
1265 2953 1428 3054 ‘proxime
1453 2955 1561 3055 elapsi
1583 2954 1796 3044 lelellenmt,

277 3071 364 3171 quin
397 3096 473 3147 eam
500 3072 628 3174 insigni
658 3100 740 3151 cum
764 3074 881 3153 dolore
903 3082 1022 3151 nostro
1044 3074 1233 3151 attulerant
1258 3056 1397 3152 nundi
1416 3074 1573 3176 copiam,
1598 3081 1656 3167 ut,
1681 3076 1795 3153 sivos

277 3193 474 3291 argumenti
496 3218 515 3269 e
537 3194 718 3301 disciplina
739 3219 818 3273 mea
838 3196 967 3297 promti
987 3196 1213 3296 explicatione
1233 3195 1280 3271 ad
1299 3194 1370 3271 lata
1392 3196 1601 3273 Academica
1621 3194 1796 3273 audienda

274 3337 532 3411 praepararem,
556 3339 627 3391 non
653 3324 793 3393 tantum
816 3316 983 3417 patientia
1002 3324 1115 3392 vestra
1136 3316 1253 3405 abuti,
1278 3316 1341 3391 sed
1365 3314 1470 3392 etiam
1495 3316 1563 3416 ipsi
1585 3316 1636 3391 illi
1657 3314 1796 3393 Decreti

279 3431 381 3531 Regii
404 3434 550 3509 articulo
573 3436 746 3513 adversari
768 3438 857 3513 mihi
879 3436 1023 3513 viderer.

320 3553 521 3655 Intelligitis
542 3556 630 3656 quid
650 3558 763 3635 velim.
811 3558 976 3634 Extrema
998 3558 1082 3633 anni
1103 3556 1303 3633 Academici
1317 3578 1396 3656 pars
1420 3554 1563 3631 minime
1592 3556 1666 3631 sine
1690 3556 1787 3631 clade
1935 3574 1938 3582 ¹

281 3678 394 3748 nostra
416 3683 538 3750 exacta
561 3682 626 3753 cst.

324 3794 370 3867 Et
397 3794 551 3893 primum
583 3797 725 3896 quidem
755 3798 792 3874 iu
816 3798 1026 3873 cirratorum
1048 3795 1216 3871 Ordinem
1247 3794 1364 3869 oeulos
1384 3800 1604 3882 convertens,
1638 3793 1796 3869 desidero

280 3910 398 3989 Virum
429 3914 787 4007 Excellentissimum,
823 3918 885 4019 qui
917 3916 1101 4017 superiore
1124 3940 1215 3992 anno
1252 3914 1358 3990 huius
1387 3912 1534 4013 Gollegii
1566 3912 1709 3989 Praeses
1742 3913 1797 3987 his

281 4032 477 4110 solennibus
500 4035 675 4126 interluit,
698 4038 868 4136 oniasque
892 4043 934 4109 ut
957 4034 1020 4109 viri
1042 4035 1187 4109 virtutm
1210 4031 1401 4133 exquisitas
1422 4031 1611 4121 coluimus,
1636 4032 1684 4107 sio
1705 4055 1795 4107 mor·

281 4150 331 4225 tui
353 4152 588 4229 recordatione
611 4154 833 4231 delectamur.

325 4270 450 4371 Neque
473 4280 610 4362 umen,
633 4274 822 4350 Auditores
845 4271 1106 4360 humanissimi,
1131 4297 1153 4347 a
1176 4296 1234 4347 me
1255 4259 1461 4373 suspectetis
1484 4273 1574 4348 vitae
1597 4272 1795 4373 descriptio·
1844 4314 1846 4319 ·

279 4414 358 4466 nera
388 4414 579 4485 ameno,
612 4394 685 4471 viro
711 4394 833 4471 multis
862 4392 1064 4471 nominibus
1092 4392 1252 4492 egregio,
1276 4392 1430 4491 dignam.
1481 4392 1528 4467 ut
1551 4382 1617 4493 ego
1638 4392 1720 4468 huic
1747 4393 1798 4467 rei

280 4534 333 4585 me
352 4510 522 4611 imparem
544 4538 620 4589 esso
641 4515 771 4604 sentio,
794 4523 831 4591 ct
855 4540 915 4591 vos
934 4512 1147 4613 intelligitis,
1177 4510 1342 4613 temporis
1368 4512 1414 4587 ad
1436 4511 1622 4587 dicendum
1646 4510 1799 4589 concessi

279 4632 364 4707 finos
393 4633 613 4732 angustiores
641 4660 737 4725 esse,
769 4660 876 4735 quam
898 4644 941 4711 ut
970 4636 1039 4711 vita
1062 4632 1125 4709 viri
1147 4632 1307 4733 plurimis
1332 4629 1625 4732 amplissimisque
1645 4632 1796 4709 muneri·

280 4750 344 4825 bus
364 4752 479 4829 iuncti
501 4761 538 4828 et
560 4754 605 4829 de
631 4755 744 4855 patria
766 4756 812 4831 ad
836 4761 1049 4830 senectutem
1071 4775 1184 4851 usque
1206 4751 1339 4850 optime
1364 4749 1480 4825 meriti
1501 4748 1603 4851 plene
1625 4750 1799 4851 digneque

282 4880 480 4970 exponatur.
530 4874 574 4949 Id
605 4882 647 4950 ut
674 4874 861 4975 aliquando
890 4876 952 4951 fiat
974 4872 1019 4950 ab
1041 4873 1177 4972 integro
1200 4871 1428 4971 Ewyolrianae
1449 4870 1550 4963 ¹vitae
1580 4877 1689 4959 teste,
1714 4868 1799 4944 mihi

1585 4994 1627 5064 11
