4959 6175
721 827 724 833 Ι
860 733 1008 800 anno
1041 731 1372 800 rnarrouurr.

360 970 385 1024 1.
408 966 587 1022 normann
609 964 683 1017 var
710 963 841 1027 uwrar,
866 941 943 1014 Iar.
970 941 1068 1014 Rom.
1094 949 1129 1014 et
1153 940 1326 1012 Hodierna·
1348 939 1469 1025 Dect,
1493 937 1570 1012 Iar.
1598 936 1689 1011 Pro·

396 1071 536 1162 sector,
563 1062 806 1138 Institutionea
828 1059 1058 1134 lustinianeaa
1078 1059 1264 1159 explicabit
1284 1057 1409 1132 diebus
1430 1058 1571 1144 Lunae,
1591 1058 1687 1132 Mar·

405 1187 473 1275 tia,
498 1183 663 1260 Mercurii
686 1192 722 1257 et
747 1181 859 1268 Iovia,
884 1181 967 1254 bora
1001 1237 1010 1254 .
1047 1239 1056 1254 .
1093 1233 1688 1254 .................
1837 1179 1886 1260 Χ,

454 1305 646 1379 Historiam
676 1301 767 1374 Iuris
792 1300 941 1372 Romani
967 1299 1079 1374 tradet
1107 1297 1232 1370 diebus
1258 1296 1398 1383 Lunae,
1423 1297 1568 1383 Martis,
1593 1297 1686 1370 Mer·

504 1421 590 1496 curii
614 1430 650 1494 et
675 1420 787 1506 lovis,
814 1417 898 1491 bora
914 1470 1689 1493 ......................
1817 1418 1886 1498 XI.

456 1539 765 1638 Encyclopaediam
789 1537 875 1610 iuris
897 1535 1035 1609 docebit
1058 1535 1183 1608 diebus
1210 1535 1331 1608 Lunae
1355 1543 1390 1608 et
1414 1533 1523 1622 Iovia,
1548 1534 1687 1611 bora..
1816 1539 1889 1618 IX.·

453 1663 518 1735 Ius
546 1659 701 1732 Naturae
722 1667 872 1756 exponet
894 1655 1019 1729 diebm
1045 1655 1192 1742 Martia,
1218 1655 1302 1729 bora
1339 1710 1349 1728 .
1388 1708 1688 1731 .........
1817 1657 1887 1738 ΙΧ.

554 1789 590 1853 et
613 1778 776 1862 Veneria,
803 1776 885 1849 bora
912 1834 919 1849 .
948 1833 973 1876 ,ι
984 1829 1686 1850 ....................
1838 1776 1887 1854 Χ,

455 1898 685 1974 Oeconomiac
716 1896 873 1995 politicae
906 1893 1075 1992 principia
1099 1892 1213 1966 tradet
1240 1891 1364 1966 diebus
1387 1892 1508 1966 Lunae
1535 1902 1571 1966 et
1597 1894 1691 1968 Mer·

501 2018 608 2102 curii,
635 2016 717 2089 hora
732 2069 1142 2090 ............
1140 2053 1146 2058 -
1152 2059 1178 2087 -.
1206 2070 1215 2087 .
1243 2001 1266 2086 .’
1280 2068 1690 2092 ............
1798 2015 1886 2096 ΧΠ,

455 2138 588 2211 Selecta
605 2136 690 2208 iuris
708 2133 899 2208 mercaturii
919 2133 1032 2233 capita
1052 2141 1202 2230 exponet
1220 2132 1305 2206 hora
1322 2130 1540 2206 auditoribus
1554 2132 1691 2231 aibique
1812 2197 1815 2200 ,

357 2403 398 2454 nr.
433 2402 458 2453 1.
491 2256 727 2462 acdriimddcitl.
761 2375 859 2470 Map.
894 2370 987 2445 Phil.
1024 2371 1111 2443 Nat.
1145 2371 1266 2458 Dect,
1304 2372 1461 2446 Oleniae
1490 2371 1694 2462 Professor,

406 2495 588 2570 Chemiam
611 2517 792 2590 corporum
814 2491 1100 2590 anorganicorum
1117 2489 1255 2562 docebit
1271 2490 1396 2563 diebus
1412 2491 1551 2577 Lunae,
1567 2491 1692 2564 Martis

405 2626 441 2690 et
466 2615 577 2700 lovis,
612 2613 696 2685 bora
736 2664 1693 2686 ...........................

456 2733 636 2808 Chemiam
669 2753 848 2828 corporum
879 2729 1117 2826 organicorum
1142 2727 1257 2800 tradet
1278 2728 1404 2801 diebua
1429 2729 1575 2817 Martia,
1601 2731 1694 2803 Mer·

502 2851 589 2926 curii
613 2861 649 2923 et
673 2849 786 2936 lovis,
813 2851 895 2922 hora
914 2903 1693 2925 ......................

453 2974 508 3046 De
537 2983 609 3045 arte
634 2969 910 3068 pharmaceutica
934 2967 1079 3040 disseret
1103 2966 1159 3038 die
1183 2965 1372 3054 Mercurii,
1399 2967 1486 3041 bora
1504 3025 1695 3043 ......

551 3102 587 3166 et
612 3091 724 3177 lovia,
750 3090 833 3163 hora
878 3142 1693 3167 .......................

453 3210 719 3309 Technologiam
742 3208 930 3282 chemicam
955 3205 1136 3293 tractabit,
1156 3204 1281 3279 diebus
1302 3216 1338 3279 et
1362 3206 1454 3281 boris
1474 3205 1693 3281 auditoribus

501 3330 702 3405 commodis.
1303 3342 1307 3349 “

456 3449 634 3523 Chemiam
671 3443 940 3545 physiologicam
972 3453 1034 3519 aut
1068 3444 1233 3518 Chemiae
1260 3442 1407 3517 forensia
1429 3444 1544 3541 capita
1567 3443 1694 3519 selecta

503 3568 637 3640 tradere
662 3580 804 3663 perarua
828 3574 891 3639 eat.

457 3686 637 3760 Ohemiam
661 3686 865 3781 analyticam
888 3684 1015 3757 docens
1039 3684 1194 3781 quotidie
1218 3682 1381 3757 exercitia
1403 3682 1640 3757 moderabitur
1657 3682 1697 3758 in

504 3803 726 3890 laboratorio,
753 3804 814 3876 ubi
839 3804 1096 3901 experientibus
1120 3814 1256 3901 praesto
1276 3805 1341 3876 erit
1364 3826 1395 3876 c.
1420 3828 1542 3877 waraa
1566 3827 1603 3877 rr.
1624 3827 1695 3879 rm.

456 3924 711 3997 Provectiorum
753 3922 931 4019 colloquiis
971 3922 1259 4020 pharmaceuticis
1299 3922 1447 4020 praeerit
1490 3922 1573 3996 bora
1611 3922 1694 3997 dein

504 4040 755 4115 constituenda.
1557 4040 1564 4055 ’

362 4187 388 4237 1.
416 4182 490 4234 van
516 4184 678 4247 vnornu,
713 4160 827 4233 rteor
854 4162 974 4248 Doct,
1001 4162 1088 4235 titt.
1116 4163 1217 4258 Belp.
1244 4171 1281 4236 et
1307 4162 1402 4235 Hac.
1431 4161 1580 4235 Palmae
1605 4161 1695 4235 Pro·

399 4284 539 4375 semor,
574 4280 762 4353 Historiam
797 4281 927 4378 patriae
958 4280 1105 4355 indc·ab
1132 4306 1223 4355 anno
1247 4284 1342 4358 1672
1367 4281 1413 4354 ad
1435 4306 1555 4378 pacem
1577 4279 1694 4356 Ultra·

409 4398 571 4473 iectinem
596 4400 710 4472 tradet
731 4399 856 4473 diebus
884 4401 1022 4486 Lunae,
1049 4400 1173 4473 Martis
1199 4412 1234 4473 et
1256 4402 1441 4488 Mercurii,
1467 4402 1581 4476 hora.
1610 4461 1619 4477 .
1647 4460 1656 4477 .
1684 4458 1694 4478 .
1800 4399 1889 4479 XII.

459 4517 727 4591 Grammaticam
751 4528 788 4590 et
810 4519 958 4594 Litteras
982 4520 1227 4593 Neerlandicas
1249 4531 1284 4593 et
1307 4532 1489 4620 praecepta
1513 4521 1583 4595 atili
1604 4522 1695 4597 bene

506 4637 725 4710 Neerlaudici
748 4637 885 4711 docebit
907 4640 1031 4715 diebus
1046 4640 1194 4727 'Luoue,
1216 4641 1341 4714 Martia
1355 4652 1390 4715 et
1406 4642 1588 4731 Mercurii,
1609 4642 1696 4719 bora
1856 4638 1889 4716 1.

458 4756 623 4855 Iogicam
644 4756 782 4831 docebit
805 4756 929 4831 diebus
951 4758 1071 4833 Lunae
1097 4769 1132 4833 et
1156 4759 1340 4847 Mercurii,
1367 4759 1449 4835 bora
1486 4820 1494 4837 .
1816 4757 1889 4835 111.

461 4876 633 4952 Exercitia
655 4877 801 4952 oratoria
824 4879 1058 4954 moderabitur
1078 4880 1134 4954 die
1158 4881 1297 4969 Lunae,
1323 4879 1407 4955 hora
1428 4938 1693 4957 ........
1837 4876 1891 4953 11.

1644 4997 1716 5073 82*
