4959 6175
885 743 1162 811 ORATIO.
1720 747 1783 812 109

229 957 234 963 ’
268 949 385 1024 decem
418 949 574 1024 millibus
601 949 809 1026 florenorum
841 953 915 1027 tolli
950 962 1083 1051 posset,
1108 951 1295 1026 constituto
1321 958 1417 1024 extra
1440 951 1594 1024 ordinem
1618 949 1785 1050 quingen·

270 1083 381 1143 torum
407 1069 613 1144 florenorum
637 1069 811 1157 subsidio,
838 1096 934 1169 spem
959 1073 1141 1146 meliorum
1166 1082 1361 1168 temporum
1391 1071 1555 1144 iecerunt.

320 1191 373 1262 De
400 1188 500 1261 donis
535 1188 564 1260 si
597 1190 792 1286 quaeritur:
830 1191 874 1264 ab
923 1192 1165 1266 Observatorio
1199 1190 1457 1288 Bdinburgensi
1489 1189 1683 1288 accepimus
1722 1191 1788 1262 Od-

272 1313 476 1388 acroatioaca
506 1315 747 1384 astronomicae
778 1314 822 1385 ab
854 1339 941 1385 anno
973 1315 1233 1396 1834-1854;
1270 1333 1347 1383 ram
1379 1333 1555 1383 uonvrrrur
1586 1309 1791 1384 Professoris

274 1429 451 1504 Leidensis
486 1428 743 1504 benevolentiae
781 1441 938 1530 acceptas
976 1431 1156 1505 referimus
1192 1437 1306 1528 partes
1344 1430 1473 1528 priores
1509 1430 1620 1528 operis
1663 1431 1790 1502 Crocia

276 1552 513 1635 Brittanniae,
538 1549 660 1622 aviris
684 1550 891 1624 doctissimis
914 1574 1069 1625 rossano
1092 1574 1266 1624 sarrano
1294 1573 1403 1623 urvis
1424 1561 1459 1623 et
1489 1572 1647 1623 murrum
1675 1573 1790 1622 naua-

277 1691 353 1741 asu
394 1667 489 1741 editi.
540 1667 637 1741 Ordo
674 1669 868 1743 Literarum
902 1672 1151 1744 Humaniorum
1176 1669 1211 1742 in
1232 1669 1296 1742 hac
1320 1669 1526 1756 Academia,
1552 1678 1691 1744 auctore
1713 1668 1792 1741 Cla·

277 1787 410 1859 rissimo
442 1809 633 1874 sausoure,
666 1789 767 1862 nobis
790 1790 952 1887 operibus
978 1791 1186 1887 quibusdam
1216 1789 1384 1862 donandis
1412 1797 1550 1887 gratum
1575 1789 1666 1862 lecit.
1707 1789 1793 1860 Gra·

279 1917 352 1979 tum
385 1906 489 1979 etiarn
526 1906 680 1982 lecerunt
711 1908 787 1982 Viri
812 1906 1069 1984 Consultissimi
1090 1935 1185 1984 nrcrr
1210 1932 1283 1982 vau
1309 1932 1516 1982 zurnrcunn
1541 1917 1576 1980 et
1604 1929 1795 1980 sonounnn

280 2048 346 2098 ror
382 2046 571 2114 nnuman,
607 2051 752 2124 quorum
792 2028 847 2103 hic
881 2030 1038 2103 laborum
1067 2025 1208 2103 suorum
1243 2028 1375 2101 tructus
1410 2027 1554 2101 addidit.
1606 2027 1658 2100 Ee
1679 2025 1795 2112 enim,

280 2169 347 2242 qua
383 2143 634 2220 Bibliotheoam
667 2148 821 2235 ornavit,
852 2149 973 2222 Eddae
999 2149 1123 2236 editio,
1147 2148 1257 2246 ipsius
1279 2147 1433 2220 continet
1457 2145 1689 2243 Manuscripti
1713 2145 1796 2217 Tra*

245 2305 248 2310 ·
281 2262 396 2338 iectini
434 2263 636 2339 collationes
673 2266 965 2364 diligentissimos.
1015 2267 1175 2363 Denique
1207 2265 1469 2340 Nobilissimam
1498 2267 1696 2339 Matrouam
1725 2286 1797 2336 var

283 2405 556 2457 saaonraaoux
578 2407 653 2458 vau
674 2408 891 2460 uocrnoasr
918 2386 972 2461 bis
990 2386 1084 2459 mille
1105 2386 1251 2458 florenos
1268 2385 1503 2458 Bibliothecae
1525 2385 1685 2483 largitam
1706 2408 1798 2469 esse,

283 2529 322 2576 ex
355 2503 465 2601 ipsius
486 2513 694 2579 testamento
720 2507 889 2604 apparuit.
939 2506 1148 2604 Exemplum
1168 2505 1360 2579 imitatione
1383 2505 1548 2602 dignum,
1574 2529 1644 2602 quo
1670 2505 1705 2585 in
1730 2529 1800 2576 me·

284 2624 423 2697 moriam
445 2623 601 2697 redimus
628 2633 822 2724 temporum
845 2625 1001 2712 illorum,
1034 2623 1163 2722 quibus
1184 2646 1407 2697 ournrrrrmus
1426 2645 1529 2716 sora
1543 2642 1801 2710 nnunnrrrsru,

285 2766 493 2816 srnrasaos
524 2766 598 2816 vsu
633 2768 770 2833 onnus,
801 2768 875 2818 vsu
897 2767 1042 2819 arunas
1068 2767 1139 2817 van
1162 2766 1358 2818 nonnanes
1384 2743 1511 2840 aliique
1535 2743 1570 2814 in
1594 2741 1805 2816 Academiae

285 2862 495 2936 'lhaiectinae
514 2863 730 2939 Bibliotheca
753 2865 1008 2939 munificentiae
1029 2887 1113 2939 suae
1137 2871 1362 2938 monumenta
1388 2871 1587 2960 posuerunt.
1640 2861 1699 2935 Au
1726 2885 1805 2934 vero

286 2980 405 3078 optimi
439 2980 519 3068 viri,
556 2981 618 3078 qui
648 2981 775 3080 opibus
804 2983 954 3081 pollent,
986 2982 1204 3069 existimant,
1237 2982 1280 3056 iis
1311 2981 1495 3068 subsidiis,
1531 2980 1660 3079 quibus
1687 2981 1806 3054 deces-

288 3126 378 3175 sores
412 3101 522 3175 nostri
555 3102 661 3177 vitam
695 3103 930 3178 Bibliothecae
965 3103 1022 3178 vix
1059 3104 1197 3178 vitalem
1231 3126 1306 3177 esse
1337 3102 1553 3190 iudicarunt,
1584 3102 1686 3177 hodie
1721 3102 1805 3175 satis

289 3220 468 3293 commode
497 3221 564 3294 vivi
593 3224 719 3321 posse?
767 3225 849 3297 Non
882 3223 1093 3299 assumant.
1143 3224 1236 3299 Nam
1271 3247 1333 3321 pro
1365 3248 1406 3297 eo
1445 3247 1515 3321 quo
1553 3231 1636 3297 sunt
1672 3221 1804 3320 ingenii

290 3340 387 3413 cultu
418 3340 662 3439 literarumque
696 3366 812 3417 amore
838 3343 969 3440 optime
1001 3353 1147 3431 norunt,
1179 3345 1271 3417 intra
1300 3343 1362 3417 hos
1397 3344 1540 3442 triginta
1569 3350 1631 3418 aut
1659 3342 1805 3441 quadra·

291 3460 385 3558 ginta
417 3484 526 3533 anuos
557 3462 804 3537 incredibiliter
833 3463 978 3537 crevisse
1006 3464 1161 3537 omnium
1183 3464 1416 3537 doctrinarum
1440 3448 1622 3537 ambitum.
1673 3463 1806 3539 Quam-

292 3580 404 3653 obrem
438 3580 488 3655 ita
519 3606 583 3655 nos
609 3584 737 3683 gratias
760 3582 899 3681 agimus
917 3584 1101 3673 omnibus,
1127 3585 1188 3682 qui
1212 3585 1277 3658 hoc
1299 3607 1389 3657 anno
1414 3583 1457 3657 de
1479 3580 1694 3655 Bibliotheca
1720 3580 1809 3653 bene

294 3710 509 3788 meruerunt,
545 3702 656 3800 ipsam
698 3712 738 3778 ut
771 3704 1050 3801 locupletissimis
1081 3705 1210 3802 patriae
1244 3702 1377 3779 civibus
1410 3702 1573 3777 maiorem
1603 3700 1639 3773 in
1665 3699 1809 3773 modum
1878 3776 1883 3784 ,

295 3821 582 3895 commendemus.

340 3940 585 4038 Relinquimus
619 3940 869 4018 Bibliotheoam
907 3944 1053 4018 salutem
1090 3944 1276 4043 plurimam
1309 3942 1544 4041 impertientes
1570 3937 1812 4013 honestissimo

297 4082 450 4147 sucuro,
485 4062 623 4135 custodi
655 4062 748 4137 illius
779 4088 840 4162 per
859 4065 1090 4163 quadraginta
1113 4089 1221 4139 annos
1245 4062 1452 4162 peritissimo
1475 4060 1710 4157 librorumque
1731 4058 1813 4131 olim

298 4204 335 4253 er
359 4180 445 4254 aede
466 4181 585 4255 Sancti
604 4205 781 4257 roaaruus
802 4186 839 4256 in
856 4162 1077 4281 'praesentem
1099 4184 1213 4258 locum
1233 4183 1476 4257 translatorum
1496 4182 1613 4256 comiti
1631 4178 1811 4253 fidissimo.

342 4300 478 4374 Blocis
504 4300 591 4388 illis,
616 4302 744 4400 quibus
767 4310 847 4377 ante
871 4302 935 4377 hos
955 4304 1209 4403 quinquaginta
1230 4328 1338 4378 annos
1359 4302 1396 4375 in
1418 4302 1497 4375 aula
1520 4300 1619 4399 regis·
1636 4323 1812 4373 uuuovror

299 4419 382 4492 testa
410 4418 576 4494 celebrari
608 4422 764 4497 solebant
797 4423 949 4510 musica,
983 4422 1177 4498 choreutica
1190 4435 1236 4495 'et
1262 4448 1377 4507 sacra,
1404 4420 1519 4493 sinos
1545 4419 1811 4493 conferimusin

301 4537 526 4627 Senaculum,
561 4550 731 4639 quantum
767 4543 932 4617 continuo
965 4544 1248 4619 animadvertitur
1281 4542 1486 4615 discrimen!
1548 4538 1681 4612 Videris
1704 4538 1813 4611 tibia

302 4658 384 4732 lucis
418 4659 589 4735 hilaritate
626 4662 661 4735 in
694 4661 768 4737 loos
802 4663 938 4737 delatos
972 4689 1047 4738 esse
1082 4663 1308 4749 tenebricosa,
1345 4685 1433 4758 qnae
1457 4683 1526 4733 una
1546 4683 1627 4732 cum
1650 4658 1814 4731 aedificiis

302 4778 415 4853 ricinis
453 4790 489 4853 te
520 4781 677 4857 recedere
712 4784 836 4857 iubent
863 4783 900 4857 in
935 4771 1090 4881 tempora
1110 4784 1188 4872 ille,
1213 4783 1342 4882 quibus
1364 4781 1484 4855 civitas
1506 4788 1623 4855 nostra
1643 4798 1814 4853 monaste·

304 4898 425 4975 riorum
462 4900 564 4999 plena
602 4902 671 4977 fuit
705 4912 741 4977 et
774 4902 963 4990 conclavia,
997 4888 1165 5002 augustae
1197 4902 1362 4979 Basilicas
1396 4928 1503 4989 nexa,
1541 4900 1639 4974 sedes
1674 4897 1814 4972 fuerunt
