4959 6175
662 674 703 739 12
1211 671 1236 739 1.
1274 671 1312 739 li.
1347 668 1630 741 arueram

662 905 753 980 quae
779 904 901 955 sensus
925 903 1061 956 movere
1084 903 1223 979 prorsus
1248 886 1434 977 nequeant.
1470 878 1718 951 Verumtamen
1741 875 1806 951 hoc
1827 874 1932 950 etiam
1953 876 2183 953 certissimum

624 1008 627 1013 ’
664 1011 735 1091 est,
760 1000 919 1077 notitiam
942 1002 1053 1089 illam,
1083 1023 1297 1101 quamquam
1330 1022 1399 1073 non
1431 1023 1474 1072 ex
1509 1021 1715 1073 sensuum
1739 995 1958 1095 perceptione
1981 997 2184 1085 oriundam,

665 1147 735 1197 non
771 1123 842 1197 sola
871 1120 997 1196 mentia
1026 1119 1198 1195 exstitisse
1233 1117 1379 1195 actione.
1429 1116 1671 1218 cognoscendi
1707 1115 1887 1191 materiem
1918 1116 2079 1215 praebuit
2110 1118 2187 1217 ipsa

665 1243 792 1317 mantis
826 1250 967 1329 natura,
1004 1264 1110 1339 quam
1135 1239 1363 1315 conscientiae
1393 1239 1572 1313 intuemur
1593 1236 1712 1312 oculis.
1761 1236 1860 1310 Nulli
1891 1237 2041 1335 corporis
2064 1262 2186 1313 sensus

665 1362 792 1438 mentis
825 1361 976 1435 actiones
994 1360 1106 1434 ‘nobis
1132 1366 1345 1434 monstrant:
1381 1357 1443 1432 sed
1468 1358 1543 1456 ipsa
1568 1382 1626 1432 eas
1659 1380 1760 1431 mens
1775 1392 1781 1405 ·
1782 1356 1938 1456 percipit
1968 1365 2005 1432 et
2034 1356 2186 1437 interiori

664 1480 875 1581 experientia
898 1480 1084 1579 cognoscit.

716 1601 786 1676 Sed
809 1590 924 1677 missis
947 1600 1022 1689 his,
1046 1624 1134 1700 quos
1155 1600 1246 1674 vocis
1269 1600 1479 1700 ambiguitas
1502 1599 1653 1697 decepit,
1680 1606 1812 1674 restant
1832 1598 1891 1673 alii
1916 1597 2011 1697 iique
2034 1624 2056 1673 a
2077 1598 2186 1698 philo·

667 1722 787 1822 sophia
806 1728 1020 1821 postremum
1041 1728 1230 1795 memorata
1252 1721 1374 1808 alieni,
1397 1720 1458 1819 qui
1474 1727 1609 1808 tumen,
1633 1744 1678 1793 ne
1698 1718 1817 1817 religio
1837 1718 1970 1817 ahquid
1990 1717 2188 1793 detrimenti

668 1841 798 1940 capiat,
818 1838 1064 1938 experientiam
1080 1838 1193 1911 omnis
1215 1839 1378 1914 scientiae
1397 1838 1529 1912 iontem
1554 1862 1629 1912 esse
1650 1838 1793 1913 unicum
1814 1837 1970 1912 confiteri
1991 1845 2187 1936 gravantur.

667 1959 877 2035 Existimant
899 1958 1010 2045 enim,
1036 1982 1099 2031 uec
1123 1981 1205 2030 sana
1228 1954 1374 2043 iniuria,
1407 1956 1475 2029 nisi
1497 1955 1614 2055 aliqua
1646 1954 1823 2030 mentibus
1846 1956 1931 2031 insit
1958 1956 2026 2030 Dei
2046 1956 2188 2041 notitia,

668 2082 798 2156 nullam
823 2103 897 2154 esse
926 2076 1127 2176 religionem
1153 2101 1229 2150 vere
1251 2076 1300 2150 sic
1324 2076 1471 2164 dictam,
1496 2100 1561 2149 nec
1585 2099 1682 2175 spem
1707 2076 1976 2151 immortalitatis
2006 2076 2090 2151 satis
2114 2100 2189 2149 esse

669 2202 823 2288 firmam,
850 2199 880 2273 ai
905 2199 1016 2297 qualis
1038 2197 1145 2271 animi
1168 2197 1213 2270 sit
1237 2204 1362 2270 natura
1382 2194 1521 2294 penitus
1541 2220 1605 2270 nos
1624 2196 1748 2270 lateatr
1774 2196 1811 2270 in
1840 2197 2051 2295 experientia
2073 2206 2192 2271 autem

669 2320 725 2395 hic
746 2344 870 2419 parum
892 2342 967 2391 esse
993 2314 1166 2416 praesidii.
1217 2315 1269 2389 Hi
1294 2315 1402 2413 igitur
1424 2323 1487 2389 aut
1511 2324 1662 2389 statuere
1693 2322 1867 2414 coguntur
1894 2340 2053 2403 omnem,
2085 2339 2193 2413 quam

669 2439 839 2527 habeant,
871 2462 986 2512 rarum
1018 2434 1213 2509 divinarum
1249 2434 1406 2509 notitiam
1435 2434 1480 2509 ab
1506 2459 1577 2509 una
1609 2434 1776 2534 singulari
1805 2435 1873 2511 Dei
1904 2436 2093 2535 proiectam
2117 2458 2192 2509 esse

671 2559 917 2659 patefactione,
937 2566 998 2632 aut
1012 2555 1171 2630 assentiri
1189 2554 1446 2654 quodammodo
1458 2555 1550 2644 iis,a
1567 2554 1697 2653 quibus
1714 2554 1778 2630 hac
1790 2555 1829 2631 in
1844 2580 1882 2630 re
1894 2555 1962 2655 ipsi
1973 2554 2192 2629 dissentiunt.

617 2686 619 2691 '
722 2680 760 2753 Si
784 2685 900 2754 autem
926 2683 1060 2751 constat
1081 2675 1154 2749 sine
1175 2698 1290 2748 rerum
1312 2680 1530 2747 externarum
1551 2672 1807 2747 internarumve
1825 2674 2043 2773 perceptione
2065 2672 2194 2773 percipi

674 2800 818 2877 omnino
834 2799 940 2888 nihil,
964 2798 1039 2873 fieri
1060 2822 1129 2872 non
1151 2799 1286 2895 potest,
1311 2794 1396 2893 quin
1415 2794 1671 2893 intelligamus,
1696 2794 1825 2883 multa,
1848 2819 1938 2892 quae
1960 2794 2054 2867 haud
2076 2793 2194 2892 paucis

675 2923 758 2998 satis
790 2928 908 3019 aperta
924 2917 1129 3005 ¹videantur,
1165 2914 1316 2991 tenebris
1348 2938 1424 2989 esse
1454 2914 1677 3000 abscondita,
1704 2922 1911 3011 nostraeque
1932 2913 1984 2987 de·
2003 2913 2057 2987 his
2091 2912 2194 2987 rebus

674 3037 888 3144 persuasioni
916 3036 1126 3114 scientiae
1153 3058 1280 3110 nomeu
1303 3059 1373 3111 non
1396 3056 1594 3134 congruere.
1632 3031 1713 3108 Aha
1739 3058 1858 3108 rursus
1881 3040 2091 3109 reveratum
2114 3042 2195 3108 sunt

673 3161 871 3262 perspicua,
897 3165 938 3231 ut
961 3157 1035 3232 sine
1063 3156 1135 3231 ullo
1159 3155 1298 3260 negotio
1332 3180 1374 3230 ea
1406 3179 1655 3254 cognoscamus
1689 3162 1725 3229 ct
1753 3153 1964 3254 reperiamus
1998 3163 2113 3228 nostra
2150 3154 2194 3227 de

674 3281 743 3356 illis
765 3278 894 3356 iudicia
916 3301 990 3352 csse
1021 3301 1109 3350 vara.
1160 3276 1210 3349 At
1233 3300 1404 3375 quaenam
1433 3276 1660 3376 cogitationes
1679 3275 1736 3349 iel
1761 3274 2016 3350 enuntiationes
2048 3298 2126 3374 per
2150 3284 2205 3347 se'

676 3403 760 3478 satis
788 3407 870 3475 sunt
896 3399 1032 3474 certae?
1081 3397 1152 3470 Eae
1177 3403 1335 3486 tantum,
1369 3421 1458 3495 quae
1483 3395 1672 3495 analyticae
1704 3396 1741 3470 in
1765 3395 1893 3470 scholis
1924 3403 2099 3469 vocantur.
2149 3395 2195 3468 Et

677 3533 848 3622 quaedam
871 3520 968 3595 nulla
991 3517 1102 3592 aliena
1121 3514 1281 3614 indigent
1303 3540 1391 3614 ope,
1416 3521 1456 3589 ut
1476 3513 1583 3590 salsae
1603 3539 1678 3589 esse
1698 3516 1914 3613 arguantur?
1953 3511 2055 3592 Quae
2079 3537 2195 3588 secum

676 3650 793 3742 aperta
818 3639 1011 3740 pugnantia
1034 3636 1262 3734 coniungunt.
1311 3636 1380 3709 Per
1404 3659 1440 3708 se
1470 3643 1604 3725 autem,
1640 3634 1711 3709 sive
1745 3635 1818 3709 sola
1848 3634 2076 3734 cogitatione,
2110 3633 2196 3707 nihil

679 3761 780 3835 uobis
805 3760 984 3858 cognitum
1013 3767 1084 3845 est,
1109 3755 1177 3830 nisi
1203 3754 1298 3854 quod
1330 3752 1520 3843 axiomata,
1546 3779 1635 3852 quae
1667 3755 1803 3854 proprie
1836 3764 1871 3828 et
1902 3779 1979 3830 vere
2012 3755 2193 3839 dicuntur,

680 3879 881 3965 continent,
906 3886 967 3953 aut
997 3901 1086 3974 quac
1108 3873 1190 3949 inde
1215 3884 1421 3972 sequuntur.
1472 3873 1596 3948 Cetera
1619 3874 1673 3948 vel
1705 3873 1905 3963 notissima,
1929 3882 1965 3950 et
1992 3874 2035 3947 de
2065 3872 2194 3972 quibus

680 4022 804 4085 nemo,
832 3997 900 4071 nisi
930 3997 1095 4082 insanus,
1121 3992 1281 4067 dubitare
1306 4000 1437 4091 potest,
1464 3993 1539 4068 aine
1565 3993 1634 4068 ulla
1658 3993 1857 4092 arreptione
1882 3994 1943 4068 uni
1967 3991 2194 4092 experientiae

680 4117 849 4192 debemus
874 4115 1070 4214 magistrae.
1120 4112 1193 4186 Cur
1221 4102 1339 4187 autem
1363 4138 1417 4187 res
1445 4113 1593 4187 efficiant
1616 4113 1654 4186 id
1682 4114 1776 4212 quod
1805 4115 1999 4201 ceruimus,
2023 4137 2093 4186 non
2117 4135 2192 4184 vero

680 4238 746 4313 alia
769 4237 908 4330 omnia,
931 4233 1018 4308 illud
1040 4257 1103 4307 uos
1123 4232 1264 4332 penitus
1290 4232 1448 4330 ignorare
1477 4233 1711 4310 confitendum
1744 4242 1808 4309 est.
1857 4231 2192 4333 Futuracogitando

679 4357 922 4458 praecipimus:
950 4355 1011 4430 sed
1036 4378 1184 4454 quorum
1208 4354 1305 4427 nulla
1329 4363 1382 4428 est
1408 4353 1636 4452 experientia,
1661 4379 1779 4428 eorum
1806 4354 1902 4428 nullu
1923 4362 1976 4428 est
1997 4362 2090 4428 certe
2116 4375 2191 4450 pro·

679 4477 775 4552 visio.
825 4474 1035 4575 Disciplinae
1071 4473 1231 4573 physicae
1262 4473 1452 4549 multorum
1481 4473 1654 4548 industria
1689 4482 1724 4548 et
1757 4473 1897 4572 iugenio
1931 4474 2075 4548 mirifice
2112 4480 2193 4546 suut

678 4597 852 4673 excultae:
877 4596 1089 4669 incrementa
1118 4600 1254 4679 autem,
1280 4616 1368 4690 quae
1395 4616 1535 4691 cepere,
1568 4592 1725 4692 diligenti
1754 4602 1897 4668 naturae
1931 4590 2192 4690 investigatione

677 4728 776 4818 parta
801 4724 882 4790 smrt
905 4715 1031 4798 omnia.

728 4838 854 4935 Neque
885 4837 952 4912 aHa
980 4833 1236 4933 disciplinarum
1270 4833 1450 4908 moralium
1483 4833 1571 4907 ratio
1602 4842 1665 4910 est.
1716 4833 1877 4909 Concedo
1910 4834 1972 4908 has
2005 4854 2075 4907 non
2108 4828 2193 4902 adeo
