4959 6175
715 670 759 739 34
1260 670 1287 737 1.
1322 669 1362 737 G.
1398 666 1689 735 HULLEMAN

718 884 850 967 vestra,
875 878 921 953 A.
937 877 997 951 a!
1025 876 1283 965 benevolentia,
1307 876 1545 976 indulgentia,
1571 875 1779 952 humanitas.
1830 876 1947 954 Quam
1973 878 2116 977 quidem
2138 902 2236 979 spem

719 998 749 1073 si
776 1022 845 1072 non
876 1004 1005 1071 temere
1029 997 1223 1097 concepisse
1248 996 1382 1086 videor,
1407 1021 1467 1072 vos
1495 995 1639 1071 oratoris
1666 1004 1701 1070 et
1736 995 1951 1072 voluntatem
1982 998 2168 1075 laudabitis
2201 1006 2238 1072 et

718 1125 828 1193 artem
853 1117 1066 1217 incomptam
1090 1118 1192 1216 aequi
1216 1116 1370 1217 bonique
1393 1117 1536 1194 facietis.

1371 1396 1582 1409 —

744 1594 961 1685 ,Historiam
993 1595 1152 1695 gentium
1187 1595 1249 1693 qui
1282 1602 1442 1669 statuunt
1475 1593 1701 1670 humanitatis
1730 1619 1806 1669 esse
1834 1594 2032 1685 historiam,
2067 1595 2105 1670 hi
2129 1619 2237 1694 quum

719 1722 812 1789 recte
847 1714 989 1791 definire
1021 1716 1108 1791 mihi
1141 1715 1319 1804 videntur,
1354 1723 1430 1789 tum
1467 1738 1509 1789 ao
1539 1715 1615 1815 ipso
1645 1714 2016 1805 inmansuetissime,
2052 1715 2178 1790 artium
2204 1723 2238 1789 at

721 1834 897 1909 literarum
921 1834 1031 1909 cultui
1055 1858 1161 1933 quam
1184 1842 1259 1909 arta
1282 1833 1473 1909 intercedat
1501 1859 1582 1909 oum
1607 1835 1699 1909 civili
1721 1860 1761 1911 oc
1784 1834 1905 1911 morali
1928 1835 2134 1933 populorum
2160 1858 2238 1909 con·

721 1953 855 2057 dicione
873 1953 1101 2029 necessitudo.
1152 1956 1199 2029 Et
1222 1978 1301 2029 vero
1325 1955 1565 2053 cuiuscunque
1585 1955 1701 2053 gentis
1718 1956 1774 2030 vel
1797 1954 1948 2031 nationis
1967 1979 2022 2029 res
2041 1954 2238 2054 diligentius

721 2074 928 2163 attenderis,
954 2074 1069 2149 ubivis
1089 2083 1166 2151 tum
1193 2076 1343 2151 maxime
1363 2076 1520 2155 floruisse
1543 2100 1626 2150 cum
1648 2076 1783 2151 artibus
1808 2075 1923 2151 literas
1946 2074 2096 2163 ridebis,
2132 2098 2239 2173 quum

721 2195 919 2295 rigantibus
939 2195 1077 2294 legibus
1099 2204 1135 2271 et
1155 2195 1312 2271 moribus
1336 2196 1432 2294 ipsae
1452 2195 1614 2270 florerent
1638 2196 1814 2284 civitatem
1839 2202 1916 2269 tum
1937 2194 2057 2269 florem
2080 2202 2238 2268 venusta·

721 2324 862 2414 temque
890 2319 1018 2389 sensim
1042 2314 1215 2403 amisisse,
1241 2304 1353 2413 quum
1380 2314 1504 2389 flueret
1531 2322 1637 2413 atque
1661 2314 1825 2391 inclinata
1850 2321 1941 2388 esset
1965 2313 2146 2412 disciplina
2170 2336 2240 2386 mo·

721 2458 811 2510 rum.
864 2430 972 2509 Cuius
1008 2432 1151 2533 quidem
1184 2434 1253 2522 rei,
1293 2442 1333 2508 ut
1366 2433 1433 2508 clia
1468 2432 1649 2523 omittam,
1680 2434 1718 2508 in
1750 2433 1902 2507 Romani
1933 2432 2070 2531 imperii
2103 2431 2242 2507 historia

674 2612 676 2617 .
722 2555 880 2653 exempla
904 2562 987 2629 suut
1010 2552 1294 2629 luculentissima.
1334 2553 1505 2632 Quamvis
1533 2552 1626 2627 enim
1646 2560 1726 2654 post
1748 2551 1928 2629 Actiacam
1951 2578 2126 2653 pugnam,
2151 2551 2242 2627 omni

722 2680 893 2775 potestate
914 2674 960 2748 ad
980 2697 1091 2747 uuum
1115 2672 1257 2759 collata,
1282 2695 1415 2770 magna
1432 2670 1492 2745 illa
1515 2669 1657 2772 ingenis
1679 2674 1845 2749 cesserint
1865 2680 1902 2747 et
1925 2682 2046 2772 coepta
2077 2673 2149 2747 siut
2169 2671 2243 2769 cogi

724 2796 761 2869 in
784 2794 936 2893 privatae
962 2794 1051 2869 vitae
1077 2792 1274 2893 angustias,
1300 2792 1425 2865 veritas
1448 2791 1555 2867 etiam
1579 2785 1744 2891 pluribus
1766 2792 1880 2868 modis
1912 2792 2056 2868 infracta
2084 2792 2152 2881 sit,
2177 2815 2241 2866 non

725 2916 775 2989 ita
803 2924 962 2990 enervata
984 2924 1100 2989 tamen
1125 2938 1189 2989 nac
1215 2913 1317 3011 quasi
1338 2911 1439 2987 effeta
1462 2911 1530 2986 luit
1554 2912 1690 3002 civitas,
1716 2920 1758 2987 ut
1781 2912 1933 3013 patrium
1959 2914 2116 2987 animum
2140 2912 2241 2986 virtu·

724 3044 867 3136 temque
902 3036 1019 3112 statim
1044 3036 1139 3110 velut
1169 3032 1307 3110 exuisse
1328 3031 1511 3108 videretur.
1561 3021 1670 3108 Multi
1697 3042 1899 3135 supererant
1922 3033 2041 3108 eximii
2068 3040 2104 3107 et
2136 3032 2264 3128 avitae,

725 3157 853 3258 gloriae
875 3157 1004 3233 aemuli
1027 3155 1110 3246 viri,
1136 3155 1197 3255 qui
1220 3179 1331 3253 quum
1354 3161 1513 3254 gererent
1533 3155 1603 3254 ipsi
1626 3154 1798 3230 invictum
1818 3181 1839 3230 ιι
1861 3161 2057 3254 temporum
2081 3154 2242 3253 pravitate

725 3277 903 3366 animum,
928 3301 968 3351 eo
989 3275 1171 3376 praeclaris
1195 3275 1339 3364 studiis,
1364 3299 1405 3350 eo
1426 3274 1589 3349 omnibus
1611 3274 1725 3349 nervis
1745 3273 2018 3363 contendebant,
2039 3289 2080 3348 ut
2099 3271 2243 3371 graviter

726 3397 888 3473 afflictam
917 3396 1133 3486 libertatern,
1160 3397 1336 3498 propriam
1367 3396 1518 3471 Romani
1541 3404 1577 3470 et
1600 3395 1738 3494 generis
1770 3401 1807 3469 et
1825 3393 1995 3483 nominis,
2028 3393 2242 3492 aliquatenus

727 3519 848 3603 saltem
867 3517 1039 3617 erigerent
1056 3524 1093 3591 et
1112 3517 1239 3592 civium
1259 3540 1401 3592 suorum
1422 3514 1664 3592 labefactatam
1682 3515 1846 3589 virtutem
1866 3515 2119 3590 confirmarent.
2151 3509 2243 3591 Quin

727 3637 858 3737 primus
879 3637 937 3712 illa
961 3636 1082 3737 populi
1105 3637 1257 3713 Romani
1279 3636 1460 3723 dominus,
1486 3659 1597 3733 quum
1620 3643 1746 3710 cuncta
1770 3634 1951 3710 discordiis
1976 3633 2137 3709 civilibus
2159 3633 2244 3706 fasso

727 3759 866 3833 nomina
887 3757 1056 3857 Principis
1078 3757 1145 3833 sub
1169 3756 1355 3857 imperium
1379 3754 1587 3854 accepisset,
1609 3753 1698 3830 adeo
1722 3779 1790 3830 non
1818 3754 1887 3830 luit
1911 3780 1932 3829 a
1952 3752 2153 3830 liberalibus
2173 3759 2242 3825 stu·

728 3876 795 3950 diis
831 3900 985 3978 aversus,
1026 3886 1066 3982 ut
1100 3879 1175 3952 sina
1214 3875 1463 3952 blanditiarum
1500 3875 1695 3974 suspicione
1731 3876 1955 3976 compellasse
1991 3877 2112 3948 Musas
2146 3877 2242 3970 poeto

727 3996 885 4072 videatur
907 4002 956 4089 ²):

1211 4185 1270 4243 Vos
1291 4181 1436 4243 Caesarem
1457 4184 1559 4258 ultum,
1579 4183 1681 4246 militia
1700 4185 1782 4244 simul

1101 4313 1104 4318 ·
1209 4285 1307 4346 Fessus
1327 4283 1455 4347 cobortes
1475 4285 1584 4347 abdidit
1602 4287 1726 4369 oppidis,

1249 4387 1345 4450 Finire
1364 4394 1541 4468 quaerentem
1559 4389 1683 4462 labores,

1188 4506 1191 4512 '
1288 4491 1531 4557 Pisaurensem
1549 4499 1641 4554 antro.

725 4713 916 4812 Postquam
940 4737 1019 4788 vero
1039 4677 1233 4797 ¹exstinctae
1255 4735 1365 4812 paene
1393 4712 1563 4788 libertatis
1588 4712 1694 4811 etiam
1722 4713 1872 4813 speciem
1898 4709 2058 4786 Tiberius
2084 4706 2224 4784 sustulit
2231 4736 2239 4791 ι

725 4835 899 4935 oppressis
922 4829 997 4910 dira
1022 4832 1186 4908 servitute
1204 4831 1339 4908 civibus
1359 4833 1524 4911 virtutem
1545 4832 1659 4932 ipsam
1682 4833 1819 4909 studuit
1840 4831 1954 4909 delere
1976 4832 2089 4920 Nero;
2123 4827 2239 4905 Domi·
