4959 6175
695 655 760 724 110
1289 653 1325 721 P.
1361 655 1608 720 HARTlNG

693 860 954 938 Canonicorum.
1005 857 1199 934 Parietibus
1236 858 1362 934 Curiae
1399 868 1435 934 et
1472 861 1596 959 partim
1642 860 1746 937 etiam
1784 865 1875 936 tecto
1911 866 2074 949 arcuato,
2115 862 2209 960 quod

691 983 818 1058 mirum
851 981 887 1054 in
915 979 1059 1052 modum
1094 979 1142 1054 sic
1173 978 1300 1055 tabulis
1325 980 1448 1080 ligneis
1471 990 1524 1055 est
1548 980 1759 1068 obductum,
1784 987 1825 1054 ut
1848 980 2104 1078 quodammodo
2127 980 2206 1055 lun·

689 1102 774 1177 dum
806 1100 904 1174 navis
937 1099 1080 1187 referat,
1118 1101 1294 1198 appositae
1331 1110 1413 1175 suut
1445 1101 1575 1200 effigies
1606 1101 1833 1199 plurimorum
1866 1099 1970 1174 buius
2000 1100 2207 1176 Academiae

687 1221 943 1306 Professorum,
979 1217 1049 1293 vita
1084 1219 1337 1295 defunctorum.
1388 1221 1457 1295 His
1489 1246 1599 1320 nuper
1630 1219 1773 1296 accessit
1806 1241 1978 1293 nsnrnms
2009 1243 2112 1294 nrum
2136 1221 2206 1294 effi-

686 1340 779 1440 gies,
818 1363 923 1438 quam
957 1337 1020 1412 Vir
1052 1339 1341 1416 consultissimus
1365 1364 1558 1416 rnumrncx
1583 1367 1624 1417 ex
1649 1364 1739 1440 pago
1764 1340 1944 1414 Manassen
1972 1339 2117 1414 Senatui
2147 1364 2206 1438 per

688 1481 923 1534 erumnarum
959 1464 1136 1545 nostrum,
1169 1458 1334 1534 Chemiae
1367 1459 1566 1547 Lecturam,
1600 1459 1810 1534 offerendam
1851 1458 1992 1533 curavit.
2043 1459 2204 1535 Gratissi-

686 1604 785 1654 mum
816 1578 916 1652 nobis
947 1577 1011 1652 boc
1041 1575 1169 1651 donum
1206 1577 1293 1664 fuir,
1327 1600 1427 1662 uam,
1454 1577 1533 1650 licet
1556 1601 1688 1651 nrurus
1713 1575 1793 1651 ante
1818 1576 1880 1650 hos
1905 1587 1975 1651 tres
1999 1585 2034 1652 et
2058 1577 2203 1674 quadra·

685 1699 783 1798 ginta
818 1721 927 1771 annos
963 1721 1024 1795 per
1057 1697 1189 1794 aliquot
1225 1705 1360 1768 tantum
1392 1719 1527 1770 manses
1564 1694 1775 1772 Medicinam
1807 1696 1992 1793 practicam
2029 1696 2203 1784 docuerit,

684 1818 752 1892 fuit
783 1825 897 1890 tamen
930 1815 1067 1914 insigne
1101 1815 1206 1890 huius
1235 1815 1444 1890 Academiae
1469 1815 1591 1902 decus,
1617 1814 1815 1914 dignusque
1835 1815 1879 1890 dc
1907 1814 2104 1913 aequalium
2128 1839 2202 1889 scn-

682 1937 808 2024 tentia,
834 1934 956 2035 quiin
981 1959 1058 2008 raro
1080 1935 1294 2010 medicorum
1318 1944 1508 2033 proventu,
1533 1942 1638 2032 quem
1662 1933 1800 2032 publice
1824 1934 2024 2022 celebravit,
2049 1935 2202 2034 principe

681 2057 756 2132 loco
781 2061 990 2130 censeretur.
1040 2053 1126 2128 Eius
1153 2055 1292 2152 itaque,
1320 2055 1371 2129 uti
1396 2056 1499 2128 etiam
1526 2077 1776 2128 ooononvnnn
1799 2053 1907 2128 nostri
1929 2053 2079 2154 effigies,
2105 2056 2201 2130 cuius

681 2176 781 2251 nobis
819 2199 897 2273 spes
928 2175 1019 2249 facta
1046 2182 1099 2248 est
1129 2199 1151 2248 a
1177 2174 1300 2262 vidua,
1327 2175 1520 2248 diutissime
1546 2173 1658 2248 locum
1681 2183 1851 2272 occupent
1873 2174 1963 2248 iuter
1988 2175 2202 2273 aequalium,

680 2298 899 2372 decessorum
931 2304 966 2368 et
998 2317 1234 2368 successorum
1265 2294 1454 2392 imagines,
1489 2317 1607 2367 verum
1633 2319 1702 2368 non
1728 2293 1764 2367 in
1792 2295 1875 2382 huc,
1901 2318 1971 2392 quo
1996 2294 2112 2369 adbuc
2135 2295 2200 2368 uti·

680 2441 778 2504 mur,
814 2413 1003 2500 Seuuculo,
1019 2442 1023 2450 ·
1039 2413 1168 2511 quippe
1198 2414 1419 2512 angustiore,
1445 2437 1550 2511 quam
1578 2422 1618 2487 ut
1640 2413 1811 2488 veteribus
1837 2424 1985 2512 quatuor
2009 2438 2115 2488 novae
2141 2415 2200 2488 ad·

678 2537 878 2634 iungantur.
941 2532 1098 2620 Videtis,
1139 2533 1347 2622 Auditores,
1383 2533 1577 2608 decessores
1615 2541 1749 2607 nostros
1789 2532 1996 2621 iudicantes,
2034 2533 2199 2632 ampliora

675 2655 776 2729 nobis
809 2679 899 2753 opus
929 2677 1005 2727 esse
1037 2652 1206 2728 cubiculo.
1257 2653 1399 2733 Quibus
1423 2679 1486 2728 nos
1511 2653 1736 2728 assentientes
1769 2653 1833 2728 hoc
1870 2653 2050 2741 addimus,
2084 2655 2198 2728 locum

675 2775 772 2850 illum
808 2775 911 2849 etiam
947 2797 1070 2872 parum
1105 2773 1270 2847 idoneum
1306 2797 1380 2847 esse
1412 2774 1458 2847 ad
1493 2773 1709 2873 frequentem
1742 2797 1927 2848 nnmerum
1964 2773 2197 2861 Auditorum,

676 2895 738 2994 qui
764 2892 1065 2992 disquisitionibus
1092 2892 1242 2992 publicis
1272 2893 1436 2967 iuteresse
1468 2893 1615 2994 cupiunt
1643 2895 1822 2968 commode
1849 2893 2103 2992 excipiendum.
2154 2894 2198 2967 Et

676 3013 958 3115 quandoquidem
990 3037 1032 3086 ea
1059 3011 1286 3112 proterimus,
1324 3037 1412 3113 quae
1447 3021 1529 3089 sunt
1562 3014 1599 3088 in
1633 3013 1741 3103 votis,
1773 3014 1908 3089 silentio
1938 3039 2094 3113 premere
2129 3039 2196 3089 non

675 3135 773 3211 lubet
795 3144 954 3209 votorum
975 3134 1130 3224 omnium
1154 3134 1390 3233 praecipuum.
1427 3128 1585 3209 Utinam
1605 3134 1792 3233 aliqnando
1814 3135 1913 3211 uobis
1933 3135 2021 3210 adeo
2041 3134 2197 3209 felicibus

675 3280 750 3331 esse
785 3256 982 3353 contingat,
1015 3263 1057 3328 ut
1089 3277 1217 3329 novum
1246 3255 1521 3353 contemplemur
1553 3254 1749 3330 aedificium
1775 3254 2024 3330 Academicum
2049 3254 2194 3329 Gronin-

674 3373 757 3472 gani
778 3372 873 3447 baud
898 3371 1064 3447 dissimile
1088 3371 1305 3470 dignumque
1331 3381 1366 3445 et
1388 3372 1646 3471 peregrinorum
1672 3375 1917 3474 approbatione
1942 3383 1978 3449 et
2005 3398 2085 3449 vero
2106 3378 2192 3451 Aca·

673 3493 807 3568 demiae
827 3502 932 3591 atque
954 3491 1102 3566 civitatis
1122 3492 1334 3566 Traiectiuae
1358 3494 1602 3591 prosperitatel

721 3614 827 3691 Quod
855 3614 900 3687 ad
927 3613 1060 3711 reliqua
1081 3613 1256 3687 doctrinae
1284 3613 1494 3687 adminicula
1519 3612 1660 3699 attinet,
1700 3615 1867 3689 Muscam
1890 3612 2102 3713 vPhysicum,
2127 3615 2192 3687 Lu·

671 3732 881 3806 boratorium
921 3732 1201 3831 Physiologicum
1236 3740 1273 3805 et
1309 3732 1589 3807 Observatorium
1625 3734 1912 3832 Microscopicum
1950 3734 2022 3808 suis
2058 3734 2194 3833 singula

671 3850 910 3923 instrumentis
936 3850 1144 3949 locupletata
1167 3860 1259 3925 sunt.
1311 3852 1522 3950 Supellectili
1554 3877 1693 3951 quoque
1717 3854 1941 3928 Anatomicae
1969 3854 2113 3953 pulchra
2136 3879 2191 3928 ac·

671 3977 849 4043 cesserunt
873 3977 909 4042 et
935 3969 1033 4043 utilia
1054 3970 1259 4067 specimina,
1282 3996 1430 4069 quorum
1453 3974 1618 4047 nonnulla
1643 3972 1771 4047 affabre
1797 3973 1950 4048 conlecta
1975 3972 2189 4072 diligentiam

672 4096 707 4163 et
726 4088 809 4162 artis
830 4089 987 4185 peritiam
1006 4110 1163 4164 wunsam
1182 4090 1390 4165 Prusectoris
1410 4092 1548 4190 egregie
1567 4092 1725 4190 probant.
1776 4093 1941 4166 Museum
1965 4092 2187 4191 Zoologicum

670 4206 764 4282 haud
787 4207 914 4305 exigua
936 4206 1028 4306 cepit
1054 4208 1274 4283 incrementa.
1325 4212 1417 4283 Num
1430 4209 1494 4283 Vir
1518 4211 1746 4285 Doctissimus
1774 4234 1849 4285 vnn
1878 4236 2039 4306 susanna
2067 4212 2185 4310 exqui-

671 4327 773 4400 sitam
801 4325 834 4399 ei
856 4326 996 4402 donavit
1016 4328 1250 4403 collectionem
1271 4331 1485 4405 Arancarum
1506 4330 1746 4430 indigenarum
1770 4330 1902 4431 liquore
1920 4340 2188 4417 asservatarum,

670 4452 706 4518 et
732 4468 751 4517 e
781 4446 905 4518 Museo
932 4445 1119 4520 Lidthiano
1150 4449 1303 4523 emtione
1334 4459 1529 4549 comparata
1561 4460 1642 4524 sunt
1671 4451 1804 4549 aliquot
1834 4452 1973 4550 egregia
2000 4451 2189 4549 specimina

669 4563 910 4637 Mammalinm
932 4572 968 4637 et
990 4565 1130 4640 Avium.
1180 4570 1282 4646 Quae
1303 4569 1445 4666 quidem
1470 4570 1650 4657 animalia,
1686 4596 1796 4669 quum
1829 4596 1890 4669 pro
1920 4595 1983 4645 sua
2016 4570 2187 4669 dignitate

669 4708 737 4759 uon
764 4682 848 4757 satis
869 4692 950 4784 apte
971 4685 1096 4783 erponi
1118 4696 1277 4783 possent,
1303 4690 1536 4789 praepararis
1571 4690 1796 4765 Curatoribns
1821 4690 1937 4764 omnia
1958 4700 2080 4789 coepta
2105 4702 2188 4764 sunt

668 4805 714 4881 ad
734 4828 863 4880 novum
887 4807 1135 4882 exstruendum
1158 4806 1380 4898 cubiculum,
1405 4809 1622 4907 quodetiam
1646 4809 1771 4885 scholis
1796 4810 1963 4885 habendis
1988 4810 2161 4885 inserviet.
