4959 6175
679 641 745 710 100
1277 637 1313 704 r.
1348 621 1597 704 assarna

681 843 899 945 indagandae
930 843 1018 920 ratio
1051 841 1184 942 peperit
1215 841 1412 942 opiniones,
1445 869 1466 918 a
1500 843 1632 944 vulgari
1662 843 1832 920 mutantia
1865 869 2005 946 prorsus
2031 847 2193 924 disemus.

685 963 764 1053 Sic,
790 988 822 1041 r.
845 990 894 1052 ο..
918 962 1157 1038 lubentissime
1181 961 1478 1060 contemplabatur
1509 963 1714 1040 clarissimos
1745 965 1782 1038 in
1817 963 1959 1040 historia
1996 967 2084 1041 viros
2119 969 2195 1043 sine

681 1091 764 1182 toga
792 1089 829 1157 et
851 1081 1088 1170 discalceatos,
1113 1082 1137 1156 i.
1160 1106 1190 1158 e.
1210 1081 1361 1156 nudatos
1381 1081 1449 1158 illis
1472 1081 1598 1158 divinis
1622 1107 1732 1183 poene
1755 1083 1963 1176 honoribus,
1987 1111 2076 1185 quos
2099 1097 2195 1186 grata

682 1201 719 1276 in
750 1226 809 1275 eos
832 1201 1016 1276 contulerit
1044 1200 1240 1300 posteritas;
1273 1210 1350 1276 tum
1382 1201 1473 1278 enim
1501 1201 1537 1276 in
1570 1203 1722 1302 ipsorum
1749 1203 1899 1278 consiliis
1926 1205 2091 1280 atrebas
2118 1215 2193 1282 tan·

679 1319 838 1395 tumdem
869 1320 1059 1396 honestatis
1091 1320 1322 1419 quantumin
1348 1321 1558 1420 reliquorum
1582 1321 1779 1397 mortalium
1802 1322 1927 1397 studiis
1950 1332 1985 1398 et
2006 1327 2193 1400 eontentio·

678 1439 784 1514 nibus
813 1439 880 1514 sibi
907 1439 1163 1538 deprehendere
1193 1439 1384 1514 videbatur.
1433 1439 1566 1515 Pariter
1592 1440 1628 1516 in
1657 1440 1801 1518 aliarum
1831 1443 2048 1540 quarundam
2080 1469 2193 1520 rerum

679 1568 857 1659 tamquam
889 1584 994 1635 cursu
1023 1568 1060 1633 et
1088 1559 1337 1658 significatione
1364 1558 1594 1635 diiudicandis
1619 1560 1810 1660 plurimum
1837 1587 1858 1636 a
1887 1562 2009 1636 ceteris
2033 1563 2194 1638 omnibus

677 1678 840 1756 distabat.

726 1797 798 1871 Sed
822 1797 903 1872 licet
931 1821 968 1872 se
990 1796 1203 1896 manciparet
1223 1796 1356 1872 nemini
1376 1803 1412 1870 et
1438 1821 1516 1872 vero
1539 1799 1595 1873 ius
1614 1824 1718 1874 sunm
1742 1799 1933 1875 sententiae
1956 1800 2063 1876 libere
2084 1802 2192 1901 prole·

677 1918 804 1994 rendae
826 1918 1008 2006 retineret„
1031 1941 1226 2016 numquam
1255 1925 1371 1992 tamen
1397 1941 1498 2017 aegre
1522 1917 1654 1993 ferebat
1676 1919 1929 1995 dissentientes.
1980 1921 2110 1996 Contra
2134 1921 2196 1996 hos

676 2037 850 2114 levissimo
872 2037 988 2113 animo
1011 2037 1144 2126 serens,
1169 2060 1307 2134 semper
1328 2036 1437 2112 cornis
1462 2045 1498 2110 et
1523 2037 1568 2112 ad
1590 2037 1782 2114 iuvandum
1804 2039 1918 2128 omni,
1945 2065 2016 2138 qua
2041 2040 2194 2130 valebat,

676 2158 808 2233 ratione
839 2165 1018 2257 promtus,
1054 2155 1164 2230 facilis
1199 2156 1236 2230 in
1272 2155 1471 2230 hominibus
1504 2156 1687 2232 audiendis
1718 2166 1754 2231 et
1783 2157 2028 2248 admittendis,
2064 2159 2095 2233 is
2128 2159 2218 2233 fnit.

675 2283 786 2353 nostri
820 2277 951 2351 ordinis
985 2274 1117 2363 socius,
1150 2273 1212 2371 qui
1236 2271 1368 2372 ingenii
1392 2274 1447 2347 sui
1470 2275 1644 2350 alacritate
1667 2284 1703 2351 ct
1727 2276 1925 2352 facetissimi
1949 2279 2029 2353 salis
2052 2279 2194 2379 argutiis

678 2397 816 2496 saepius
837 2395 938 2470 nobis
959 2394 1125 2495 temporis
1148 2393 1350 2470 suavissime
1373 2395 1535 2470 transacti
1557 2395 1756 2470 memoriam
1783 2395 2001 2496 relinqueret.

727 2515 990 2602 Vrsscnaaun,
1025 2513 1063 2586 in
1100 2512 1164 2587 hac
1193 2513 1382 2591 Academia
1406 2515 1566 2590 Doctoris
1589 2540 1732 2592 munere
1758 2516 1983 2616 fungentem,
2007 2519 2102 2595 nullo
2121 2542 2193 2592 om·

677 2635 761 2710 nino
793 2643 948 2733 tempore
979 2631 1095 2706 studia
1121 2654 1185 2706 sua
1208 2631 1433 2708 intermisisse
1457 2633 1587 2732 optime
1605 2634 1729 2732 probat
1750 2635 1873 2735 ingens
1898 2637 2064 2712 librorum
2088 2637 2132 2712 ab
2154 2661 2194 2712 eo

676 2753 849 2828 editorum
885 2751 998 2826 series.
1050 2751 1141 2825 Sunt
1176 2749 1214 2825 hi
1249 2751 1436 2826 maximam
1472 2759 1605 2850 partem
1637 2755 1681 2828 de
1717 2754 1858 2832 historia
1897 2759 2043 2856 patriae,
2077 2781 2193 2831 rerum

675 2872 871 2947 literarum
910 2871 1015 2946 etiam
1048 2869 1380 2946 Nederlandicarnm
1408 2872 1550 2948 historia
1575 2873 1608 2948 ei
1629 2875 1745 2972 plures
1770 2873 1942 2972 symbolas
1967 2883 2123 2974 acceptas
2143 2901 2192 2950 re-

674 2993 752 3068 lert.
802 2991 1015 3091 Scriptorum
1048 2989 1274 3064 multitudine
1306 3015 1434 3091 paucos
1468 3016 1549 3066 eum
1583 3017 1768 3093 aequasse,
1807 2992 1908 3068 nobis
1946 2994 2087 3095 quidem
2118 3017 2192 3094 per·

676 3138 817 3190 suasum
840 3121 904 3189 est.

673 3268 678 3288 ·
724 3236 851 3332 Itaque
886 3258 908 3307 a
942 3230 1092 3331 collega,
1128 3230 1199 3306 vita
1237 3230 1423 3320 defuncto,
1459 3231 1654 3321 dommus,
1694 3240 1865 3333 quantum
1899 3234 2194 3309 constantissimae

675 3353 864 3428 voluntatis
895 3350 1003 3426 robur
1035 3350 1166 3439 valeat,
1200 3350 1245 3425 nd
1276 3350 1398 3425 insitas
1420 3351 1547 3427 mentis
1574 3352 1673 3427 dotes
1695 3353 1908 3428 excolendas.
1959 3354 2030 3442 Ea,
2055 3378 2124 3452 qua
2144 3352 2191 3425 vi·

675 3473 789 3547 umus
822 3479 935 3560 aetas,
972 3471 1056 3546 haec
1084 3470 1161 3569 ipsa
1190 3469 1303 3568 patria
1331 3470 1466 3569 indiget
1494 3470 1664 3559 virorum,
1690 3471 1753 3569 qui
1777 3470 1911 3546 fortiter
1934 3479 1969 3546 et
1995 3478 2193 3547 constanter

675 3592 963 3693 progrediuntur,
989 3591 1054 3665 hoo
1074 3596 1252 3664 tenentes:
1270 3615 1340 3688 per
1363 3594 1474 3665 ardun
1500 3594 1550 3665 ad
1572 3594 1697 3665 cana!
1716 3592 1758 3683 ¹).

718 3897 743 3976 ¹)
763 3898 856 3978 Opera
875 3918 892 3957 a
912 3913 1076 3957 vrsscmo
1095 3896 1125 3956 in
1144 3896 1234 3955 lucem
1255 3892 1328 3954 edita
1347 3898 1426 3953 sunt:

676 3996 681 4003 '
715 3997 948 4060 Nationraldded
969 4016 1024 4058 ran
1046 4014 1074 4058 r..
1091 4014 1120 4057 a.
1138 4012 1293 4056 rmscnaa.
1332 3996 1410 4055 Voor
1428 3995 1464 4057 de
1483 3996 1666 4060 Plano-Forte
1686 3998 1717 4060 in
1738 3998 1850 4061 Muaiek
1869 4000 1975 4079 gestetd
1996 4000 2066 4063 door
2085 4018 2192 4063 nvos

675 4119 805 4163 annana.
844 4100 1020 4178 Uitgegeren
1040 4106 1088 4159 ten
1106 4100 1230 4161 behoew
1249 4098 1299 4159 der
1317 4100 1432 4161 Arnen.
1452 4100 1497 4163 4⁰.

720 4204 866 4281 Melangas
893 4202 928 4263 de
953 4201 1052 4263 Posse
1078 4208 1108 4262 et
1133 4200 1169 4261 de
1194 4200 1361 4262 Iittdratura
1388 4200 1437 4263 des
1463 4204 1615 4282 Psya-Bas,
1643 4224 1693 4285 par
1720 4220 1747 4266 r..
1774 4222 1985 4279 a.r1sscnnn,
2013 4205 2135 4265 membre
2159 4204 2193 4265 de

676 4306 809 4388 plnsiema
828 4304 947 4367 societ&
965 4304 1137 4366 Idtttraires.
1165 4303 1255 4365 Brux.
1277 4308 1366 4366 1880.
1388 4306 1432 4367 8⁰.
1463 4306 1534 4367 Cum
1553 4306 1597 4369 eff.
1616 4324 1643 4367 r.
1664 4322 1854 4369 urnawnann.

717 4409 906 4486 Bleemleaing
925 4408 969 4469 uit
988 4407 1024 4469 de
1043 4408 1123 4469 besta
1142 4408 1276 4470 mnristen
1295 4408 1346 4469 der
1364 4408 1591 4471 Nederlandache
1610 4409 1740 4473 Dichterr
1760 4432 1812 4473 ran
1832 4412 1867 4473 de
1889 4414 1942 4473 10·
1960 4414 2004 4472 tot
2023 4432 2059 4473 en
2082 4416 2139 4472 met
2157 4410 2192 4471 de

679 4516 731 4575 18·
750 4530 832 4573 seur.
855 4512 887 4571 1·
905 4511 976 4573 dael.
995 4511 1123 4583 Brassel,
1145 4515 1236 4574 1880.
1259 4516 1291 4571 8·
1310 4530 1345 4572 en
1367 4516 1399 4571 8·
1418 4510 1490 4575 (leel.
1508 4511 1616 4584 Breda,
1638 4515 1808 4574 luel-aa.
1828 4514 1872 4574 8⁰.

715 4618 778 4677 Ean
804 4634 871 4712 patr
895 4612 1026 4675 rroorden
1052 4632 1119 4675 orer
1136 4614 1312 4675 amsterdm
1341 4634 1375 4674 en
1396 4614 1523 4687 Brnssel,
1550 4613 1590 4692 bij
1613 4613 1668 4675 den
1691 4616 1824 4693 joagsten
1846 4614 2039 4676 Watersaoed.
2065 4616 2190 4687 Brassel,

672 4724 762 4783 1880.
785 4719 828 4777 8⁶.

715 4823 760 4890 De
788 4820 899 4885 Herdcr
924 4840 962 4901 op
988 4820 1038 4881 het
1065 4817 1186 4897 slsgreld
1212 4822 1242 4879 tc
1266 4817 1459 4901 Nienrponrt,
1487 4816 1557 4881 door
1576 4834 1603 4881 n.
1624 4836 1654 4881 a.
1675 4834 1832 4897 rusum,
1853 4840 1906 4883 san
1928 4820 1997 4883 rriea
2019 4822 2060 4901 bij
2079 4820 2115 4881 de
2135 4820 2193 4881 Ko-
