4959 6175
712 680 757 747 44
1260 681 1288 750 1.
1321 678 1361 750 G.
1395 678 1689 750 HULLElth

713 910 784 963 uno
804 893 966 987 corrupta
986 893 1040 963 est
1061 886 1252 977 latinitas,
1275 888 1313 963 in
1334 913 1461 988 quam,
1484 897 1621 989 praeter
1644 896 1759 967 vetera
1779 896 1817 966 et
1837 888 1999 990 antiqua,
2020 913 2111 965 nora
2129 888 2236 989 pede·

712 1007 837 1083 tentim
861 1007 1004 1083 inducta
1028 1016 1111 1083 sunt
1131 1007 1418 1101 innumerabilia,
1443 1017 1579 1086 mutata
1601 1010 1786 1087 verborum
1806 1010 1960 1111 genuina
1983 1010 2236 1111 dgnificatioue

714 1135 776 1202 aut
799 1126 965 1215 flexione,
991 1126 1045 1202 vel
1065 1126 1230 1203 adhibitis
1246 1127 1422 1204 vocabulis
1442 1135 1546 1205 antea
1565 1128 1709 1229 poeticis
1722 1136 1786 1221 aut
1804 1154 1925 1206 reeens
1947 1130 2058 1219 fictis,
2083 1128 2235 1229 denique

713 1246 834 1323 multis
855 1272 898 1321 ex
931 1246 1052 1346 lingua
1079 1248 1210 1323 Graeca
1233 1257 1296 1323 aut
1320 1271 1477 1323 sermone
1508 1248 1638 1325 rustico
1664 1258 1702 1325 et
1723 1249 1861 1349 plebeio
1883 1250 2090 1351 adsumptis
2139 1250 2235 1340 Quae

712 1391 767 1443 res
789 1367 884 1467 quod
911 1367 1050 1443 lhaiani
1075 1368 1191 1443 seculo
1214 1392 1285 1445 non
1307 1368 1435 1469 exigua
1459 1392 1524 1443 nec
1547 1368 1703 1469 vulgans
1726 1368 1939 1446 incrementa
1963 1370 2075 1470 cepit,
2107 1370 2235 1470 partim

711 1486 855 1561 tortasse
879 1488 1107 1587 repetendum
1129 1496 1183 1563 est
1207 1512 1252 1563 ex
1273 1512 1402 1589 magno
1420 1512 1566 1564 numero
1587 1488 1787 1565 Italicorum
1810 1496 1847 1563 et
1865 1488 2153 1578 Prouincialium,
2173 1489 2236 1587 qui

712 1605 750 1680 in
780 1606 901 1705 primis
920 1607 1003 1682 indo
1026 1632 1047 1683 a
1067 1604 1273 1709 Vespasiani
1295 1608 1509 1709 temporibus
1535 1608 1573 1683 in
1599 1606 1734 1684 Urbem
1759 1608 2016 1699 confluxerant,
2041 1608 2114 1684 sire
2136 1632 2235 1685 sena·

712 1726 801 1802 toria
824 1726 993 1825 dignitate
1018 1726 1147 1818 ornati,
1186 1726 1258 1802 sive
1291 1728 1368 1804 aliis
1402 1727 1549 1805 summis
1571 1726 1762 1803 honoribus
1785 1727 1980 1829 conspicui,
2012 1727 2110 1804 haud
2134 1728 2237 1827 pauci

713 1846 817 1922 etiam
840 1846 1038 1946 scriptores;
1063 1846 1189 1945 partim
1214 1855 1251 1921 ct
1268 1846 1420 1922 maxime
1439 1846 1583 1947 quidem
1602 1846 1704 1939 inde,
1725 1848 1820 1948 quod
1840 1848 1915 1923 fieri
1934 1847 2007 1923 iam
2025 1856 2102 1951 tum
2123 1847 2236 1921 Roma

712 1967 843 2066 coepit,
879 1966 991 2065 qualis
1023 1966 1215 2065 imperante
1251 1966 1433 2041 Hadriano
1466 1966 1570 2066 plane
1603 1964 1693 2056 tuit,
1725 1966 1901 2043 doctrinae
1937 1966 2168 2042 Graecanicae
2199 1973 2235 2039 et

713 2086 917 2161 Graecanici
941 2087 1057 2162 cultus
1082 2086 1193 2162 sedes.
1243 2086 1339 2161 Hinc
1358 2093 1441 2161 nata
1462 2086 1608 2183 latinae
1630 2086 1771 2186 linguae
1802 2112 1883 2161 cum
1906 2088 2039 2162 Graeca
2062 2084 2236 2186 quaedam

712 2206 812 2305 quasi
832 2206 1057 2293 consociatio;
1080 2202 1163 2279 hino
1179 2204 1298 2280 Latini
1318 2229 1389 2281 uon
1410 2205 1515 2281 rnodo
1535 2206 1647 2305 loqui,
1669 2229 1790 2282 verum
1808 2205 1956 2283 scobare
1977 2206 2085 2287 etiam
2105 2206 2236 2279 Graece

712 2333 923 2401 consuerunt
936 2326 1004 2418 31);
1030 2324 1111 2398 hino
1134 2325 1276 2399 tandem
1297 2326 1401 2423 patrii
1424 2326 1592 2404 sermonis
1614 2326 1685 2401 iam
1709 2326 1815 2401 nimis
1844 2332 2025 2425 corruptae
2043 2322 2237 2424 integritati

714 2452 868 2519 extrema
891 2443 942 2519 vis
967 2443 1081 2517 allata.
1130 2441 1202 2516 Sed
1226 2442 1311 2518 haec
1340 2443 1505 2519 subtilius
1536 2443 1699 2544 persequi
1727 2469 1838 2545 quum
1873 2468 1968 2520 nunc
1999 2442 2145 2543 quidem
2165 2465 2237 2517 non

714 2564 760 2637 sit
781 2560 1018 2661 propositum,
1042 2566 1195 2658 praestat
1221 2561 1268 2635 ad
1294 2568 1408 2638 cetera
1429 2562 1591 2639 accedere
1629 2570 1666 2639 et
1686 2564 1912 2664 contemplari
1931 2564 2109 2663 paulisper
2132 2560 2237 2636 ratio·

712 2706 795 2756 nem
815 2679 991 2755 oratoriae.

762 2802 828 2875 Est
850 2800 933 2875 haec
955 2806 1135 2899 poetarum
1156 2806 1192 2877 et
1215 2799 1441 2901 scriptorum,
1464 2800 1527 2899 qui
1551 2801 1657 2900 paulo
1677 2809 1759 2879 aute
1780 2796 1968 2879 numum
1992 2800 2047 2878 vel
2075 2798 2133 2874 his
2152 2798 2239 2899 ipsis

579 3022 584 3033 ⁸
714 2919 929 3019 temporibus
961 2920 1172 3009 floruerunt,
1196 2920 1354 2995 omnium
1377 2927 1506 2995 unaet
1528 2921 1853 3011 consentianum,
1878 2928 2014 3021 praeter
2033 2918 2237 3019 grammati·

714 3062 833 3116 corum
858 3038 992 3114 scholas
1016 3038 1104 3114 nihil
1127 3038 1235 3121 fuisse
1258 3038 1370 3115 scenis
1403 3038 1581 3116 rhetorum
1611 3040 1782 3142 ineptius,
1816 3040 1905 3117 nihil
1924 3040 2099 3123 miserius.
2150 3040 2239 3115 Prae

715 3159 792 3234 aliis
815 3158 976 3249 Tacitus,
1000 3183 1077 3235 mea
1099 3159 1242 3260 quidem
1263 3159 1436 3236 sententia
1456 3159 1601 3260 scriptor
1622 3162 1754 3262 egregii
1774 3161 1868 3236 illius
1893 3160 1955 3261 qui
1977 3169 2032 3235 est
2057 3163 2238 3241 decreto·

709 3281 808 3354 rides
830 3279 974 3378 dialopi,
1007 3277 1119 3368 brevi,
1154 3279 1216 3354 sed
1234 3283 1351 3355 ‘acute
1381 3278 1536 3354 funestm
1568 3280 1653 3355 istas
1686 3280 2055 3380 eloquentiaepastes
2082 3279 2237 3366 notarit,

714 3421 825 3498 quum
854 3397 1036 3473 decamero
1065 3404 1256 3489 vereretur,
1280 3398 1377 3474 locus
1404 3399 1479 3499 ipse
1505 3423 1552 3475 au
1574 3399 1802 3499 condiscipuli
1825 3424 1872 3475 an
1899 3399 2238 3499 genusstudiorun'r

713 3521 795 3618 plus
824 3517 907 3594 mali
937 3517 1086 3618 ingeniis
1110 3516 1284 3610 adlerrem
1302 3519 1365 3610 θ’).
1414 3516 1515 3592 Adeo
1547 3518 1642 3592 enim
1677 3518 1761 3594 haec
1790 3524 1874 3594 sunt
1901 3519 2096 3608 verissima,
2123 3526 2166 3593 ut
2199 3520 2239 3592 in

713 3638 891 3712 rhetorum
912 3631 1151 3712 officinis'non
1176 3637 1289 3713 solutu
1309 3635 1585 3711 obtunderentur
1605 3645 1642 3712 et
1664 3637 1968 3737 exstinguerentur
1987 3637 2148 3738 ingenia,
2173 3637 2239 3712 sed

716 3779 853 3829 morum
876 3757 1015 3831 castitas
1033 3755 1129 3830 haud
1150 3753 1227 3829 raro
1247 3753 1357 3853 pollui
1377 3753 1450 3845 θἓ),
1473 3754 1510 3828 in
1535 3755 1610 3830 dies
1632 3758 1737 3841 etiam
1757 3759 1804 3834 ali
1824 3766 1861 3834 et
1884 3757 2097 3835 corroborari
2117 3757 2237 3856 impu·

718 3871 837 3944 dantia
860 3873 991 3946 soleret.
1040 3873 1211 3948 Videlicet
1242 3867 1353 3970 quium
1378 3871 1517 3948 duobus
1532 3873 1734 3950 'orationum
1762 3876 1968 3976 generibus,
2005 3877 2174 3952 suasoriis
2202 3885 2238 3951 et

718 3989 973 4076 controversiis,
994 4013 1015 4062 a
1033 3990 1227 4064 rhetoribus
1244 3990 1490 4066 adolescentuli
1510 4002 1758 4084 exercerentur,
1774 3996 1900 4072 isdem
1921 3996 2236 4072 declamationibus

720 4103 825 4180 simul
857 4104 1035 4193 discebant
1069 4106 1215 4206 invicem
1249 4108 1501 4209 qualiacunque
1536 4111 1687 4189 laudare.
1736 4118 1837 4193 Quae
1871 4116 2017 4214 quidem
2042 4117 2237 4192 modestiae

719 4224 847 4320 pariter
869 4249 908 4298 ac
930 4224 1122 4299 studiorum
1154 4226 1440 4324 perniciosissima
1470 4229 1579 4306 hostis
1601 4232 1794 4308 humanitas
1811 4235 1946 4309 -hoc
1972 4235 2006 4310 ei
2028 4233 2159 4311 datum
2185 4244 2237 4311 est

720 4364 846 4414 nomen
873 4384 922 4402 -
941 4342 978 4416 in
1013 4366 1054 4417 ec
1089 4344 1310 4442 potissimum
1342 4337 1570 4439 cernebatur,
1602 4350 1697 4448 quod
1732 4352 1981 4430 adolescentuli
2011 4354 2059 4431 ad
2093 4379 2238 4432 omnem

721 4447 910 4532 clausulam
932 4459 1154 4536 declamantis
1174 4461 1400 4563 condiscipuli
1424 4473 1647 4564 exsurgentes
1670 4476 1707 4542 et
1728 4481 1949 4547 excurrentes
1968 4498 2053 4549 cum
2072 4474 2239 4550 indecora

723 4574 948 4650 exsultatione
977 4578 1245 4655 conclamabant.
1295 4583 1376 4658 Quo
1404 4583 1561 4658 tumultu
1582 4585 1693 4660 inflati
1716 4588 1985 4691 declamatores,
2011 4595 2194 4692 siparum
2216 4617 2238 4666 a

720 4699 938 4792 praeceptore
967 4693 1204 4784 laudarentur,
1238 4697 1307 4794 ipsi
1341 4697 1387 4772 dc
1420 4699 1479 4774 illo
1511 4701 1600 4776 mala
1629 4706 1824 4782 sentiebant
1842 4710 1906 4802 ³⁴).
1958 4713 2109 4810 Saepius
2142 4713 2238 4788 enim

722 4814 859 4910 legem,
875 4833 945 4908 qua
968 4809 1156 4902 discerent,
1180 4811 1340 4911 discipuli
1362 4815 1430 4916 ipsi
1450 4815 1581 4894 dabant
1598 4821 1669 4913 ⁸⁶),
1698 4831 1735 4899 et
1757 4825 1883 4902 miselli
1900 4829 2070 4906 doctores
2094 4853 2238 4907 necesse
