4959 6175
668 691 710 753 rr
838 782 840 786 y
1215 680 1241 747 1.
1277 680 1315 745 ιι.
1350 677 1634 746 srnsruun

665 892 795 997 percipi
818 897 982 994 possunt,
1017 886 1085 995 nisi
1112 887 1239 963 mentis
1263 887 1309 962 ad
1331 886 1397 961 hoc
1418 909 1523 986 opera
1549 880 1716 959 adbibita
1766 881 1931 955 Moretur
1959 877 2098 955 animas
2129 904 2189 955 eas

666 1041 687 1091 a
712 1013 886 1114 contiguis
911 1012 1107 1086 discernens
1128 1030 1317 1106 eammque
1340 1013 1457 1107 partes
1482 1012 1517 1080 et
1541 1002 1768 1103 proprietates
1793 998 2002 1099 cogitatione
2032 1022 2187 1099 compre·

666 1134 832 1209 hendens.
882 1134 925 1207 ln
948 1132 1012 1206 hoc
1037 1128 1145 1205 animi
1168 1135 1268 1203 motu
1291 1126 1455 1227 temporis
1481 1124 1653 1225 spatiique
1673 1128 1865 1197 nascuntur
1888 1119 2057 1196 notiones.
2095 1120 2187 1195 Fieri

662 1254 755 1330 enim
785 1278 855 1328 non
891 1258 1024 1351 potest,
1057 1257 1099 1325 ut
1130 1257 1267 1324 motum
1299 1247 1428 1348 cogitet
1461 1245 1618 1333 animus,
1657 1242 1743 1341 quin
1779 1241 1860 1330 has,
1897 1265 1984 1339 quas
2026 1264 2186 1318 aramus

667 1374 807 1450 visionis
831 1374 958 1449 formas
981 1369 1193 1459 nominavit,
1218 1394 1261 1444 ex
1285 1369 1365 1443 sinu
1392 1392 1457 1443 sno
1485 1364 1644 1466 pmlerat.
1693 1362 1795 1465 Quod
1819 1360 1964 1436 nonita
1991 1360 2185 1461 intelligen-

665 1494 751 1571 dum
771 1503 844 1583 est,
862 1520 902 1570 ac
926 1492 974 1582 si,
999 1490 1094 1592 quod
1116 1489 1347 1590 Philosophus
1368 1486 1592 1565 acutissimus
1614 1480 1742 1571 voluit,
1765 1481 1809 1557 de
1831 1506 1895 1558 suo
1914 1481 2020 1556 rebus
2038 1482 2185 1571 tribuat,

665 1617 759 1714 quod
786 1614 854 1689 illis
877 1614 995 1701 deest,
1019 1612 1081 1687 sed
1104 1611 1230 1687 mentis
1255 1610 1388 1686 actione
1414 1606 1562 1707 percipi,
1587 1598 1683 1703 quod
1705 1626 1725 1675 e
1747 1601 1908 1677 sensibus
1932 1602 2005 1700 peti
2025 1612 2185 1700 nequeat.

663 1733 764 1808 Idem
792 1733 978 1808 dicendum
1003 1738 1056 1804 est
1083 1730 1127 1803 de
1150 1729 1213 1817 iis,
1249 1751 1338 1826 quae
1368 1723 1619 1824 categoriae
1652 1721 1817 1820 appellari
1844 1721 1956 1796 solent
1987 1729 2023 1795 et
2046 1746 2186 1797 normae

663 1860 745 1927 sunt
766 1853 956 1951 quaedam,
979 1850 1023 1923 cd
1042 1873 1128 1948 quas
1144 1873 1199 1921 res
1220 1847 1336 1922 animo
1354 1845 1488 1920 oblatas
1508 1842 1681 1941 exigimus
1699 1850 1736 1915 et
1752 1841 1844 1917 inter
1861 1866 1899 1916 se
1916 1842 2185 1941 distinguimus,

531 1986 539 2001 ‘
662 1981 697 2047 et
733 1970 901 2072 quaedam
936 1969 1036 2068 quasi
1074 1968 1229 2056 vincula,
1266 1967 1395 2066 quibus
1430 1990 1488 2040 eas
1525 1964 1617 2037 inter
1651 1987 1690 2036 se
1727 1961 1940 2061 colligamus.
1990 1962 2083 2037 Nam
2119 1964 2186 2040 bae

661 2116 799 2191 quoque
824 2091 873 2165 ita
897 2089 997 2163 nohis
1020 2098 1102 2163 sunt
1125 2089 1303 2188 propriae,
1336 2096 1378 2163 ut
1405 2113 1426 2162 a
1452 2086 1557 2160 rebus
1586 2108 1657 2157 non
1681 2083 1753 2156 sint
1776 2082 1916 2157 alienae.
1968 2083 2081 2157 Menti
2103 2093 2185 2159 sunt

661 2212 835 2309 rebusque
856 2232 1079 2295 communes,
1104 2216 1209 2305 atque
1235 2206 1299 2281 hac
1320 2204 1569 2279 communitate
1590 2204 1651 2289 fit,
1675 2210 1717 2275 ut
1741 2227 1798 2277 res
1818 2227 1887 2277 non
1909 2227 2032 2279 sensus
2046 2212 2183 2280 tantum

660 2332 832 2419 afficiant,
869 2329 932 2403 sed
956 2326 1104 2426 intelligi
1130 2326 1275 2425 possint.
1327 2325 1460 2400 Similia
1490 2324 1602 2412 enim,
1639 2331 1680 2397 ut
1705 2324 1811 2398 veteri
1837 2324 1874 2398 iu
1901 2325 2081 2423 proverbio
2110 2335 2184 2416 est,

661 2447 831 2523 similibus
860 2452 1126 2546 cognoscuntur.
1176 2444 1256 2518 Nisi
1289 2443 1382 2518 anim
1408 2449 1559 2518 statuere
1582 2441 1728 2518 velimus
1760 2468 1841 2519 cum
1874 2444 2049 2519 nonnullis
2083 2471 2183 2545 supe·

660 2568 758 2643 rionis
785 2564 893 2641 seculi
921 2564 1154 2665 philosophis,
1190 2588 1330 2639 omnem
1363 2570 1501 2638 nostrae
1526 2562 1654 2638 mentis
1686 2564 1856 2639 actionem
1880 2573 2037 2640 constare
2069 2590 2184 2642 sensa·

663 2692 776 2777 tione,
811 2712 916 2787 quarn
944 2685 1130 2773 vocabant,
1163 2692 1224 2759 aut
1259 2683 1465 2784 primigenia
1495 2695 1557 2758 aut
1591 2684 1850 2775 transformata,
1882 2693 1918 2760 et
1946 2686 2123 2785 cogitandi
2144 2712 2184 2763 ac

661 2807 832 2883 sentiendi
870 2806 1008 2905 negotia
1041 2804 1163 2879 eodem
1200 2805 1301 2904 plane
1336 2805 1467 2891 redire,
1502 2804 1762 2881 concedendum
1800 2813 1869 2895 est,
1907 2806 2017 2881 menti
2049 2814 2184 2906 praeter

520 2952 530 2959 “
660 2953 785 3003 sensus
818 2927 884 3001 alia
921 2924 1126 3025 cognitionis
1165 2926 1368 3000 adiumenta
1408 2950 1494 3000 esse.
1544 2926 1615 2999 Sed
1653 2927 1749 3001 nulla
1786 2934 1869 3001 sunt
1902 2934 2037 3027 praeter
2072 2928 2183 3026 ipsam

664 3048 840 3149 cogitandi
868 3047 957 3136 vim,
983 3070 1072 3146 quae
1105 3044 1265 3121 cemitur'
1279 3046 1316 3121 in
1348 3044 1454 3120 rebus
1475 3069 1541 3144 ope
1569 3046 1818 3146 categoriarum
1851 3046 2049 3148 digerendis
2077 3073 2183 3148 copu-

659 3170 852 3267 laudisque.

707 3289 814 3369 Quod
836 3288 978 3389 quidem
999 3288 1044 3363 ad
1067 3311 1224 3362 causae
1248 3286 1455 3384 categoriam
1477 3287 1619 3375 attinet,
1642 3287 1712 3360 iarn
1750 3311 1892 3363 nnnrus
1914 3289 2083 3375 ostendit,
2107 3313 2182 3363 rem

660 3407 801 3485 alteram
827 3409 933 3483 altera
958 3408 1065 3494 effici,
1092 3431 1195 3481 sensu
1215 3431 1284 3480 non
1315 3408 1571 3506 comprehendi,
1622 3409 1669 3481 Et
1692 3431 1729 3481 re
1760 3407 1865 3506 paulo
1887 3407 2081 3483 accuratius
2105 3433 2180 3507 per·

658 3554 765 3628 pensa
790 3529 968 3603 intellectu
1000 3528 1098 3602 facilc
1133 3537 1204 3616 est,
1239 3551 1295 3600 res
1319 3528 1479 3601 mutandi
1512 3527 1749 3626 adiciendique
1785 3529 1854 3603 vim
1891 3528 1927 3602 in
1962 3553 2085 3604 sensus
2112 3553 2181 3603 non

657 3647 789 3724 cedere.
840 3647 899 3721 Ad
927 3655 1072 3722 naturae
1096 3645 1355 3743 cognoscendae
1379 3646 1467 3718 viam
1491 3645 1541 3720 illi
1563 3646 1715 3735 ducunt,
1750 3647 1811 3721 sed
1844 3647 1881 3722 in
1915 3672 2032 3724 rerum
2057 3658 2181 3724 natare

657 3768 771 3841 nullas
791 3791 1054 3866 agnosceremus
1074 3790 1212 3851 causas,
1235 3764 1303 3838 nisi
1318 3763 1386 3863 ipsi
1403 3788 1558 3842 essemus
1579 3776 1734 3843 auctores
1753 3768 1824 3843 sive
1843 3793 1967 3847 causae
1984 3779 2177 3845 nostrarum

656 3883 928 3984 cogitationum,
959 3883 1133 3981 huiusque
1171 3882 1221 3956 rei
1256 3882 1460 3958 haberemus
1494 3886 1750 3963 conscientiam.
1800 3889 1850 3962 Ut
1878 3889 1964 3979 alia,
2001 3891 2050 3965 sic
2082 3889 2179 3988 quod

657 4004 738 4078 huic
761 4003 896 4078 notioni
928 4002 1065 4090 subest,
1090 4003 1126 4075 in
1153 4000 1328 4075 nobismet
1352 4001 1438 4101 ipsis
1456 4002 1656 4094 inventum,
1681 4005 1727 4080 ad
1749 4014 1893 4082 naturae
1914 4007 2177 4107 explicationem

657 4125 881 4200 traducimus.
931 4123 1012 4197 Non
1035 4122 1143 4221 igitur
1163 4120 1207 4194 ab
1229 4122 1325 4194 omni
1345 4133 1442 4221 parte
1463 4149 1581 4200 verum
1602 4139 1673 4215 est,
1698 4126 1830 4225 quoda
1848 4128 1976 4204 multis·
1989 4127 2176 4228 praedicari

658 4244 761 4331 solet,
799 4267 919 4318 omnes
952 4248 1086 4317 nostras
1117 4240 1160 4314 de
1193 4249 1353 4313 natura
1387 4241 1611 4340 cogitationes
1640 4271 1875 4322 assensuum
1907 4273 2047 4324 manare
2069 4249 2173 4324 laute.

540 4411 543 4418 ,
657 4363 815 4438 Confessi
841 4387 982 4452 sumus,
1015 4385 1104 4460 quse
1134 4361 1171 4434 in
1202 4360 1318 4435 animo
1343 4361 1646 4460 deprehendantur
1667 4388 1736 4440 non
1764 4367 1810 4442 ab
1842 4367 1938 4443 omni
1966 4369 2174 4468 experientia

657 4509 731 4574 esse
753 4492 893 4559 remota.
944 4481 1015 4556 Sed
1036 4481 1212 4581 cogitandi
1234 4482 1534 4580 cognoscendique
1555 4484 1729 4575 subsidia,
1754 4488 1899 4587 quaein
1921 4495 2057 4563 nosmet
2081 4487 2174 4588 ipsos

655 4604 930 4703 introspicientes
948 4602 1164 4691 invenimus,
1191 4627 1260 4677 non
1286 4602 1426 4677 babitus
1454 4613 1536 4677 aunt
1555 4612 1618 4679 aut
1640 4605 1784 4682 affectus
1808 4607 1933 4697 animi,
1958 4609 2019 4683 sed
2042 4607 2173 4683 actio·

654 4749 743 4800 nes.
793 4726 898 4798 Mens
931 4747 994 4798 suc
1032 4723 1124 4823 agit,
1160 4722 1410 4822 materiamque
1441 4734 1641 4824 suggestam
1676 4727 1828 4827 disponit
1862 4737 1898 4803 et
1930 4729 2031 4804 variis
2061 4729 2174 4802 modis

654 4843 835 4921 connectit.
886 4844 1021 4920 Mentis
1054 4850 1171 4919 autem
1204 4843 1330 4918 actioni
1363 4868 1438 4934 res,
1476 4870 1568 4944 quse
1600 4847 1804 4946 percipitur,
1843 4849 1905 4924 dat
1940 4846 2171 4936 occasionem,
