4959 6175
687 671 752 746 170
1229 681 1256 749 Ι.
1292 681 1318 747 l.
1353 681 1389 748 P.
1425 679 1682 750 Vhbss'l'Olt

736 885 872 967 Quidni
895 887 962 962 tihi
985 905 1146 987 quoquc,
1170 883 1380 963 amicissime
1402 908 1594 964 sosarnus
1607 911 1655 962 ua
1668 889 1810 963 aaoort
1836 889 1900 988 qui
1919 889 2064 966 heusta
2089 895 2223 968 scabie

686 1009 899 1086 tricesimum
929 1007 1085 1083 muneris
1115 1007 1169 1082 tui
1194 1007 1398 1084 Pmicssorii
1419 1032 1552 1085 aunum
1577 1015 1740 1084 emotum
1764 1007 1947 1085 celebrasti
1971 1011 2077 1086 meris
2100 1020 2221 1112 gratu·

684 1127 873 1206 latiunibua
903 1127 998 1204 adire
1029 1118 1199 1228 possum?
1234 1130 1286 1204 at
1313 1136 1349 1204 te
1384 1128 1538 1204 intuenti
1565 1128 1671 1229 longe
1699 1127 1768 1204 alia
1798 1129 1886 1204 mihi
1920 1129 1959 1204 in
1982 1138 2141 1206 menam
2163 1156 2221 1207 ve·

617 1293 622 1302 ·
684 1250 787 1325 uiuat
812 1273 902 1350 quae
924 1247 1051 1324 vehem
1072 1273 1116 1324 ua
1133 1242 1175 1322 'iu
1196 1247 1400 1325 memoriam
1422 1257 1539 1350 essent
1558 1249 1750 1324 revocanda
1766 1274 1926 1349 quaeque
1941 1249 1997 1325 vel
2010 1273 2067 1326 me
2083 1257 2221 1326 noenta

554 1357 558 1367 ’
681 1369 904 1444 recordamur
925 1389 1057 1445 omnes.
1106 1365 1324 1444 Nec'tameu
1344 1367 1467 1444 multis
1488 1393 1529 1444 aa
1549 1367 1808 1444 miserabilibus
1831 1369 1947 1444 verbis
1968 1369 2135 1445 acerbum
2158 1371 2220 1446 do·

681 1489 789 1566 loram
818 1505 982 1565 maurane
1011 1491 1116 1564 iuvat.
1181 1488 1250 1565 Pro
1279 1489 1432 1564 amicitia
1454 1498 1572 1564 nostra
1596 1513 1717 1563 ornnes
1744 1497 1860 1563 tecum
1889 1489 2044 1564 luximus
2066 1489 2219 1566 dilectis·

682 1608 807 1684 amam
836 1631 999 1699 uxorem;
1034 1619 1075 1684 ut
1100 1617 1141 1682 tu
1165 1609 1241 1708 ipse
1261 1628 1345 1684 cum
1367 1609 1527 1709 pluribus
1550 1618 1708 1684 nostrum
1731 1617 1769 1682 et
1788 1630 1928 1683 mecum
1956 1608 2056 1709 ipso,
2089 1633 2218 1708 cugm-

679 1729 747 1817 tls,
781 1730 963 1816 affinibus,
996 1721 1185 1804 carissimis
1214 1728 1389 1828 capitibus
1416 1728 1569 1816 orbatis,
1602 1726 1734 1803 lusisti.
1785 1727 1941 1804 Obeati
1968 1737 2092 1828 terque
2122 1729 2219 1805 beati

679 1847 880 1946 quicunque
905 1856 1064 1920 nostrum
1088 1844 1309 1920 dulcissimos
1333 1847 1462 1920 amicos
1482 1853 1594 1920 morte
1617 1846 1720 1921 uobis
1745 1856 1882 1948 ereptus
1904 1848 2116 1949 cogitatione
2137 1870 2215 1949 pro·

680 1975 864 2066 sequentes
897 1965 1010 2040 dicere
1043 1974 1210 2064 possunt:
1253 1965 1364 2040 uNon
1395 1965 1546 2065 periere:
1572 1967 1745 2066 praeivere
1775 1968 1922 2043 nobisl'’
1957 1970 2060 2044 Beati
2092 1977 2217 2069 terque

586 2139 589 2146 ·
676 2085 771 2161 beati
809 2087 1009 2184 quicunque
1042 2093 1200 2159 nostrum
1233 2093 1406 2160 noverunt
1437 2095 1472 2158 et
1502 2086 1541 2160 iu
1569 2111 1632 2161 suo
1657 2087 1776 2162 auimo
1802 2087 1942 2187 vitaque
1968 2089 2105 2188 experti
2130 2097 2216 2164 sunt

676 2228 752 2282 ease
781 2207 817 2280 in
845 2206 909 2282 hoo
934 2207 1039 2282 morti
1064 2205 1188 2280 devoto
1213 2229 1340 2304 genere
1365 2203 1519 2279 humano
1544 2207 1722 2306 arripienti
1747 2208 1858 2283 cuivis
1886 2209 2005 2284 datam
2030 2209 2103 2284 aim
2127 2209 2213 2286 vita·

675 2328 764 2416 lem,
788 2351 879 2426 quae
900 2349 964 2401 ueo
984 2325 1242 2402 calamitatibus
1263 2325 1379 2425 hangi
1400 2349 1466 2401 nec
1485 2326 1563 2426 ipsa
1587 2335 1698 2401 morte
1721 2327 1883 2428 extingui
1904 2327 2032 2428 possiti

577 2479 580 2486 ’
725 2449 933 2535 Caeterum,
966 2447 1127 2545 Collegae
1159 2444 1434 2520 honoratissimi!
1471 2445 1747 2520 academicorum
1771 2454 1911 2520 tautum
1933 2445 2085 2520 lamium
2109 2470 2210 2522 enar·

676 2568 864 2644 raedorum
888 2567 1040 2642 officium
1063 2564 1150 2640 mihi
1177 2574 1232 2639 est
1254 2565 1479 2664 impositum,
1504 2564 1600 2662 quod
1625 2589 1762 2640 mecum
1786 2578 1954 2666 reputans
1977 2591 2047 2641 nou
2073 2566 2210 2642 domes·

674 2688 742 2762 tica
771 2689 888 2762 omnia
919 2710 1009 2786 quas
1038 2686 1139 2760 nobis
1165 2684 1313 2782 singulis
1338 2683 1517 2778 accidere,
1551 2685 1727 2784 quantivis
1748 2686 1892 2761 demum
1912 2686 2015 2761 nobis
2039 2686 2112 2761 siut
2134 2707 2210 2764 mo·

674 2809 806 2896 menti,
830 2808 1040 2884 recensenda
1064 2807 1271 2882 existimavi.
1322 2805 1468 2880 Utinam
1495 2806 1554 2879 illa
1578 2805 1718 2896 omnia,
1743 2831 1909 2906 prospera
1930 2807 2095 2896 adversa,
2121 2807 2212 2884 laeta

673 2927 804 3016 tristia,
840 2928 889 3002 ita
919 2927 1062 3002 anobis
1085 2927 1155 3000 siut
1179 2935 1324 3025 excepta
1348 2925 1447 3000 utin
1472 2949 1592 3000 verum
1617 2935 1799 3016 nostrum,
1829 2936 1937 3026 atque
1959 2927 2010 3002 sio
2033 2938 2210 3027 qnantum

656 3048 748 3123 'ficri
771 3047 881 3149 possit
904 3049 947 3123 in·
965 3047 1175 3123 Academiae
1199 3067 1341 3147 qnoque
1364 3047 1500 3121 lucrum
1526 3071 1568 3121 ea
1590 3046 1873 3124 convenerimus.

720 3169 780 3243 Ad
811 3168 1020 3245 Academica
1049 3169 1167 3268 itaque
1190 3176 1357 3242 revertor.
1409 3166 1516 3242 Varia
1544 3168 1742 3242 studiorum
1768 3176 1805 3241 et
1830 3168 2062 3246 institutionis
2083 3170 2206 3245 aoade

639 3278 641 3283 ’
672 3288 783 3363 micae
807 3288 963 3363 subsidia
983 3288 1143 3388 publiea,
1167 3284 1397 3376 bibliotheca,
1424 3310 1568 3377 musea,
1590 3296 1872 3386 praeparatorum
1895 3296 1933 3364 et
1953 3290 2205 3366 instrumento·

670 3428 750 3484 rum
775 3411 1014 3511 physicorum,
1040 3406 1295 3498 chemicorum,
1324 3410 1619 3497 anatomioorum,
1642 3408 1944 3499 obstetriciorum,
1969 3410 2204 3509 pathoiogieo·

670 3555 769 3619 rum,
806 3529 1142 3630 physiologicorum,
1177 3529 1501 3629 microscopioorum
1542 3554 1701 3628 quaeque
1739 3528 1973 3628 agriculturae
2008 3529 2204 3604 inserviunt

669 3652 908 3740 collectiones,
926 3650 1047 3727 hortus
1068 3649 1270 3740 betuniam,
1291 3652 1547 3739 nosocomium,
1569 3650 1629 3723 illa
1651 3648 1769 3724 omnia
1786 3650 1823 3724 iu
1851 3676 1894 3725 ea
1916 3659 2098 3725 versantur
2118 3671 2201 3724 eon·
2251 3646 2276 3677 ⁴

669 3770 802 3845 ditione
830 3796 936 3869 quam
967 3796 988 3845 a
1022 3771 1201 3869 diligentia
1232 3794 1351 3845 eorum
1386 3794 1536 3867 <quartum
1565 3790 1668 3844 curae
1695 3770 1881 3845 commissa
1912 3778 1996 3845 suunt
2028 3770 2204 3869 expectari

672 3888 761 3963 lieet.
813 3890 958 3989 Saepius
984 3890 1089 3963 etiam
1115 3890 1325 3964 subauditur
1348 3890 1565 3989 querimonia
1585 3912 1655 3964 uon
1681 3913 1817 3990 semper
1838 3890 1877 3964 id
1901 3890 2070 3990 pecuniae
2094 3891 2132 3965 in
2161 3915 2203 3965 es

556 4010 561 4021 '
671 4004 828 4107 impendi
849 4000 858 4023 '
865 4032 971 4107 posse
1001 4034 1072 4107 quo
1110 4018 1171 4083 aut
1204 4010 1248 4083 ad
1279 4010 1436 4086 aedificia
1465 4006 1685 4085 emendanda
1705 4020 1769 4084 aut
1796 4011 1842 4085 ad
1866 4012 1960 4109 ipsas
1980 4010 2201 4086 eoheotiones

672 4128 851 4226 augendas
883 4138 919 4202 et
952 4129 1211 4228 amplificandas
1235 4154 1324 4229 opus
1349 4132 1405 4206 sit.
1455 4130 1653 4205 Doleudum
1678 4131 1881 4230 praesertim
1903 4129 2000 4229 quod
2021 4129 2069 4204 ob
2095 4130 2201 4205 istam

671 4249 838 4347 pecuniae
870 4250 1022 4347 inopiam
1059 4274 1101 4323 ex
1134 4250 1273 4349 egregia
1304 4251 1363 4325 illa
1392 4250 1558 4326 librorum
1583 4248 1918 4325 Wolthersianorum
1947 4250 2011 4349 qui
2035 4249 2091 4323 his
2113 4250 2200 4348 ipsis

671 4368 797 4443 diebus
826 4370 964 4469 publice
993 4370 1235 4445 distrahuntur
1263 4370 1463 4445 collectione
1490 4394 1559 4445 uon
1581 4372 1691 4444 maior
1712 4392 1880 4444 numerus
1902 4370 1940 4443 in
1960 4370 2201 4445 Bibliotbeoaa

541 4492 556 4507 ²
669 4487 896 4563 Academieae
921 4488 1172 4565 incrementum
1196 4492 1307 4564 coemi
1333 4491 1453 4590 possit.
1503 4491 1562 4564 Fit
1586 4498 1703 4564 tamen
1730 4489 1827 4588 quod
1852 4489 1971 4589 aliquo
1993 4488 2099 4564 modo
2121 4489 2199 4563 fieri

668 4618 782 4705 potest
818 4616 854 4680 et
884 4608 1099 4685 Bibliotheca
1133 4611 1291 4709 inprimis
1324 4612 1516 4686 identidem
1547 4611 1648 4684 donia
1680 4621 1830 4710 augetur
1861 4609 1909 4685 ob
1942 4632 2033 4710 quaa
2065 4616 2103 4683 et
2130 4608 2198 4683 hac

667 4726 844 4801 occasione
867 4738 1007 4827 gratum
1033 4754 1114 4828 erga
1139 4728 1323 4805 donatores
1345 4731 1501 4804 animum
1528 4729 1721 4828 significare
1744 4730 1852 4833 iuvat
2081 4835 2084 4841 ι

715 4846 899 4923 Caeterum
934 4848 1108 4923 neminem
1144 4855 1300 4924 nostrum
1336 4846 1421 4925 latet
1455 4874 1499 4923 ex
1532 4851 1601 4925 illis
1631 4850 1796 4925 omuibus
1828 4850 1981 4925 externis
2007 4846 2197 4935 subsidiis,
