<?xml version="1.0" encoding="UTF-8"?>
<!DOCTYPE html PUBLIC "-//W3C//DTD XHTML 1.0 Transitional//EN"
    "http://www.w3.org/TR/xhtml1/DTD/xhtml1-transitional.dtd">
<html xmlns="http://www.w3.org/1999/xhtml" xml:lang="en" lang="en">
 <head>
  <title>
</title>
<meta http-equiv="Content-Type" content="text/html;charset=utf-8" />
  <meta name='ocr-system' content='tesseract 3.04.00' />
  <meta name='ocr-capabilities' content='ocr_page ocr_carea ocr_par ocr_line ocrx_word'/>
</head>
<body>
  <div class='ocr_page' id='page_1' title='image "annalesacademic12unkngoog_0118.png"; bbox 0 0 4959 6175; ppageno 0'>
   <div class='ocr_carea' id='block_1_1' title="bbox 674 661 1803 826">
    <p class='ocr_par' dir='ltr' id='par_1_1' title="bbox 674 661 1803 826">
     <span class='ocr_line' id='line_1_1' title="bbox 674 661 1596 744; baseline -0.014 -4"><span class='ocrx_word' id='word_1_1' title='bbox 674 677 737 744; x_wconf 89' lang='grc'><strong>108</strong></span> <span class='ocrx_word' id='word_1_2' title='bbox 1273 668 1309 734; x_wconf 88' lang='lat' dir='ltr'><strong>P.</strong></span> <span class='ocrx_word' id='word_1_3' title='bbox 1344 661 1596 731; x_wconf 78' lang='lat' dir='ltr'><strong>lldll&#39;llNG</strong></span> 
     </span>
     <span class='ocr_line' id='line_1_2' title="bbox 1781 775 1803 826; baseline 0 -2"><span class='ocrx_word' id='word_1_4' title='bbox 1781 775 1803 826; x_wconf 64' lang='lat' dir='ltr'><strong>d</strong></span> 
     </span>
    </p>
   </div>
   <div class='ocr_carea' id='block_1_2' title="bbox 674 867 2195 1674">
    <p class='ocr_par' dir='ltr' id='par_1_2' title="bbox 674 867 2195 1674">
     <span class='ocr_line' id='line_1_3' title="bbox 674 867 2193 966; baseline -0.012 -10"><span class='ocrx_word' id='word_1_5' title='bbox 674 881 786 956; x_wconf 90' lang='lat' dir='ltr'><strong>officia</strong></span> <span class='ocrx_word' id='word_1_6' title='bbox 815 879 882 954; x_wconf 94' lang='lat' dir='ltr'><strong>tibi</strong></span> <span class='ocrx_word' id='word_1_7' title='bbox 909 878 979 953; x_wconf 91' lang='lat' dir='ltr'><strong>sint</strong></span> <span class='ocrx_word' id='word_1_8' title='bbox 1007 876 1104 952; x_wconf 87' lang='lat' dir='ltr'><strong>levia.</strong></span> <span class='ocrx_word' id='word_1_9' title='bbox 1154 877 1249 950; x_wconf 92' lang='lat' dir='ltr'><strong>Nam</strong></span> <span class='ocrx_word' id='word_1_10' title='bbox 1271 870 1479 948; x_wconf 79' lang='lat' dir='ltr'><strong>Academiae</strong></span> <span class='ocrx_word' id='word_1_11' title='bbox 1504 892 1643 944; x_wconf 89' lang='lat' dir='ltr'><strong>oausam</strong></span> <span class='ocrx_word' id='word_1_12' title='bbox 1666 867 1813 966; x_wconf 79' lang='lat' dir='ltr'>agimus.</span> <span class='ocrx_word' id='word_1_13' title='bbox 1868 868 1957 940; x_wconf 88' lang='lat' dir='ltr'><strong>llaec</strong></span> <span class='ocrx_word' id='word_1_14' title='bbox 1982 871 2097 940; x_wconf 89' lang='lat' dir='ltr'><strong>autem</strong></span> <span class='ocrx_word' id='word_1_15' title='bbox 2124 890 2193 963; x_wconf 91' lang='lat' dir='ltr'><strong>quo</strong></span> 
     </span>
     <span class='ocr_line' id='line_1_4' title="bbox 675 979 2193 1098; baseline -0.011 -24"><span class='ocrx_word' id='word_1_16' title='bbox 675 999 787 1098; x_wconf 88' lang='lat' dir='ltr'><strong>magis</strong></span> <span class='ocrx_word' id='word_1_17' title='bbox 821 997 915 1096; x_wconf 88' lang='lat' dir='ltr'><strong>viget</strong></span> <span class='ocrx_word' id='word_1_18' title='bbox 947 995 1103 1092; x_wconf 89' lang='lat' dir='ltr'><strong>viresque</strong></span> <span class='ocrx_word' id='word_1_19' title='bbox 1132 1017 1213 1068; x_wconf 88' lang='lat' dir='ltr'><strong>suas</strong></span> <span class='ocrx_word' id='word_1_20' title='bbox 1235 998 1360 1090; x_wconf 89' lang='lat' dir='ltr'><strong>auget,</strong></span> <span class='ocrx_word' id='word_1_21' title='bbox 1386 1013 1456 1088; x_wconf 91' lang='lat' dir='ltr'><strong>quo</strong></span> <span class='ocrx_word' id='word_1_22' title='bbox 1484 989 1616 1062; x_wconf 90' lang='lat' dir='ltr'><strong>saniore</strong></span> <span class='ocrx_word' id='word_1_23' title='bbox 1641 987 1768 1061; x_wconf 84' lang='lat' dir='ltr'><strong>fruitur</strong></span> <span class='ocrx_word' id='word_1_24' title='bbox 1791 979 1880 1074; x_wconf 78' lang='lat' dir='ltr'><strong>lita,</strong></span> <span class='ocrx_word' id='word_1_25' title='bbox 1904 1009 1945 1060; x_wconf 93' lang='lat' dir='ltr'><strong>eo</strong></span> <span class='ocrx_word' id='word_1_26' title='bbox 1974 983 2085 1083; x_wconf 88' lang='lat' dir='ltr'><strong>magis</strong></span> <span class='ocrx_word' id='word_1_27' title='bbox 2105 1009 2193 1058; x_wconf 87' lang='lat' dir='ltr'><strong>cres·</strong></span> 
     </span>
     <span class='ocr_line' id='line_1_5' title="bbox 674 1100 2194 1209; baseline -0.013 -14"><span class='ocrx_word' id='word_1_28' title='bbox 674 1121 723 1196; x_wconf 91' lang='lat' dir='ltr'><strong>cit</strong></span> <span class='ocrx_word' id='word_1_29' title='bbox 757 1118 917 1193; x_wconf 88' lang='lat' dir='ltr'><strong>laborum</strong></span> <span class='ocrx_word' id='word_1_30' title='bbox 950 1100 1100 1189; x_wconf 87' lang='lat' dir='ltr'><strong>tuorum</strong></span> <span class='ocrx_word' id='word_1_31' title='bbox 1122 1111 1286 1209; x_wconf 76' lang='lat' dir='ltr'><strong>ambitus.</strong></span> <span class='ocrx_word' id='word_1_32' title='bbox 1342 1109 1412 1184; x_wconf 88' lang='lat' dir='ltr'><strong>Sed</strong></span> <span class='ocrx_word' id='word_1_33' title='bbox 1449 1109 1514 1182; x_wconf 93' lang='lat' dir='ltr'><strong>hoc</strong></span> <span class='ocrx_word' id='word_1_34' title='bbox 1549 1117 1727 1206; x_wconf 88' lang='lat' dir='ltr'><strong>optamus,</strong></span> <span class='ocrx_word' id='word_1_35' title='bbox 1760 1115 1801 1180; x_wconf 88' lang='lat' dir='ltr'><strong>ut</strong></span> <span class='ocrx_word' id='word_1_36' title='bbox 1834 1117 1949 1179; x_wconf 87' lang='lat' dir='ltr'><strong>rerum</strong></span> <span class='ocrx_word' id='word_1_37' title='bbox 1981 1103 2194 1203; x_wconf 87' lang='lat' dir='ltr'><strong>agendarum</strong></span> 
     </span>
     <span class='ocr_line' id='line_1_6' title="bbox 676 1228 2193 1328; baseline -0.011 -14"><span class='ocrx_word' id='word_1_38' title='bbox 676 1236 895 1314; x_wconf 82' lang='lat' dir='ltr'><strong>multitudini</strong></span> <span class='ocrx_word' id='word_1_39' title='bbox 930 1234 1090 1309; x_wconf 89' lang='lat' dir='ltr'><strong>valetudo</strong></span> <span class='ocrx_word' id='word_1_40' title='bbox 1123 1241 1159 1308; x_wconf 92' lang='lat' dir='ltr'><strong>et</strong></span> <span class='ocrx_word' id='word_1_41' title='bbox 1194 1231 1282 1305; x_wconf 86' lang='lat' dir='ltr'><strong>vires</strong></span> <span class='ocrx_word' id='word_1_42' title='bbox 1316 1237 1522 1328; x_wconf 88' lang='lat' dir='ltr'><strong>suppetant,</strong></span> <span class='ocrx_word' id='word_1_43' title='bbox 1553 1235 1682 1324; x_wconf 89' lang='lat' dir='ltr'><strong>utque,</strong></span> <span class='ocrx_word' id='word_1_44' title='bbox 1715 1228 1744 1302; x_wconf 91' lang='lat' dir='ltr'><strong>si</strong></span> <span class='ocrx_word' id='word_1_45' title='bbox 1768 1249 2020 1323; x_wconf 91' lang='lat' dir='ltr'><strong>nonnunquam</strong></span> <span class='ocrx_word' id='word_1_46' title='bbox 2044 1249 2193 1324; x_wconf 89' lang='lat' dir='ltr'><strong>propee</strong></span> 
     </span>
     <span class='ocr_line' id='line_1_7' title="bbox 678 1344 2194 1458; baseline -0.011 -25"><span class='ocrx_word' id='word_1_47' title='bbox 678 1359 818 1458; x_wconf 88' lang='lat' dir='ltr'><strong>querela</strong></span> <span class='ocrx_word' id='word_1_48' title='bbox 841 1356 1000 1430; x_wconf 88' lang='lat' dir='ltr'><strong>abesses:</strong></span> <span class='ocrx_word' id='word_1_49' title='bbox 1026 1353 1161 1428; x_wconf 87' lang='lat' dir='ltr'><strong>humeri</strong></span> <span class='ocrx_word' id='word_1_50' title='bbox 1182 1351 1270 1427; x_wconf 85' lang='lat' dir='ltr'><strong>ferre</strong></span> <span class='ocrx_word' id='word_1_51' title='bbox 1292 1359 1471 1437; x_wconf 89' lang='lat' dir='ltr'><strong>recusant,</strong></span> <span class='ocrx_word' id='word_1_52' title='bbox 1497 1393 1546 1408; x_wconf 92' lang='lat'><em>-</em></span> <span class='ocrx_word' id='word_1_53' title='bbox 1570 1348 1743 1445; x_wconf 84' lang='lat' dir='ltr'><strong>extemplo</strong></span> <span class='ocrx_word' id='word_1_54' title='bbox 1767 1347 1832 1420; x_wconf 92' lang='lat' dir='ltr'><strong>tibi</strong></span> <span class='ocrx_word' id='word_1_55' title='bbox 1855 1345 1982 1420; x_wconf 82' lang='lat' dir='ltr'>addere</span> <span class='ocrx_word' id='word_1_56' title='bbox 2006 1345 2125 1419; x_wconf 85' lang='lat' dir='ltr'><strong>liceat:</strong></span> <span class='ocrx_word' id='word_1_57' title='bbox 2151 1344 2194 1417; x_wconf 89' lang='lat' dir='ltr'><strong>dc</strong></span> 
     </span>
     <span class='ocr_line' id='line_1_8' title="bbox 676 1464 2195 1564; baseline -0.011 -11"><span class='ocrx_word' id='word_1_58' title='bbox 676 1477 887 1564; x_wconf 82' lang='lat' dir='ltr'><strong>Academia,</strong></span> <span class='ocrx_word' id='word_1_59' title='bbox 920 1474 1022 1549; x_wconf 90' lang='lat' dir='ltr'><strong>nobis</strong></span> <span class='ocrx_word' id='word_1_60' title='bbox 1054 1474 1217 1549; x_wconf 87' lang='lat' dir='ltr'><strong>omnibus</strong></span> <span class='ocrx_word' id='word_1_61' title='bbox 1248 1497 1345 1560; x_wconf 89' lang='lat' dir='ltr'><strong>nara,</strong></span> <span class='ocrx_word' id='word_1_62' title='bbox 1379 1495 1509 1544; x_wconf 90' lang='lat' dir='ltr'><strong>merere</strong></span> <span class='ocrx_word' id='word_1_63' title='bbox 1540 1492 1664 1555; x_wconf 93' lang='lat' dir='ltr'><strong>conor,</strong></span> <span class='ocrx_word' id='word_1_64' title='bbox 1696 1475 1736 1542; x_wconf 94' lang='lat' dir='ltr'><strong>ut</strong></span> <span class='ocrx_word' id='word_1_65' title='bbox 1768 1473 1907 1564; x_wconf 89' lang='lat' dir='ltr'><strong>gratum</strong></span> <span class='ocrx_word' id='word_1_66' title='bbox 1932 1464 2008 1539; x_wconf 91' lang='lat' dir='ltr'><strong>eius</strong></span> <span class='ocrx_word' id='word_1_67' title='bbox 2029 1465 2195 1563; x_wconf 89' lang='lat' dir='ltr'><strong>piumque</strong></span> 
     </span>
     <span class='ocr_line' id='line_1_9' title="bbox 676 1596 989 1674; baseline -0.016 -2"><span class='ocrx_word' id='word_1_68' title='bbox 676 1598 774 1674; x_wconf 93' lang='lat' dir='ltr'><strong>decet</strong></span> <span class='ocrx_word' id='word_1_69' title='bbox 797 1596 989 1671; x_wconf 91' lang='lat' dir='ltr'><strong>alumnum.</strong></span> 
     </span>
    </p>
   </div>
   <div class='ocr_carea' id='block_1_3' title="bbox 726 1822 2195 1931">
    <p class='ocr_par' dir='ltr' id='par_1_3' title="bbox 726 1822 2195 1931">
     <span class='ocr_line' id='line_1_10' title="bbox 726 1822 2195 1931; baseline -0.008 -25"><span class='ocrx_word' id='word_1_70' title='bbox 726 1830 973 1931; x_wconf 88' lang='lat' dir='ltr'><strong>Progredimur</strong></span> <span class='ocrx_word' id='word_1_71' title='bbox 1004 1829 1049 1904; x_wconf 88' lang='lat' dir='ltr'><strong>ad</strong></span> <span class='ocrx_word' id='word_1_72' title='bbox 1086 1829 1279 1904; x_wconf 86' lang='lat' dir='ltr'><strong>studiorum</strong></span> <span class='ocrx_word' id='word_1_73' title='bbox 1322 1826 1512 1926; x_wconf 86' lang='lat' dir='ltr'><strong>praesidia,</strong></span> <span class='ocrx_word' id='word_1_74' title='bbox 1545 1825 1582 1898; x_wconf 93' lang='lat' dir='ltr'><strong>in</strong></span> <span class='ocrx_word' id='word_1_75' title='bbox 1618 1823 1747 1922; x_wconf 84' lang='lat' dir='ltr'><strong>quibus</strong></span> <span class='ocrx_word' id='word_1_76' title='bbox 1780 1825 1932 1922; x_wconf 85' lang='lat' dir='ltr'><strong>primurn</strong></span> <span class='ocrx_word' id='word_1_77' title='bbox 1963 1822 2076 1896; x_wconf 91' lang='lat' dir='ltr'><strong>locum</strong></span> <span class='ocrx_word' id='word_1_78' title='bbox 2104 1831 2195 1896; x_wconf 93' lang='lat' dir='ltr'><strong>tenet</strong></span> 
     </span>
    </p>
   </div>
   <div class='ocr_carea' id='block_1_4' title="bbox 678 1941 2282 4923">
    <p class='ocr_par' dir='ltr' id='par_1_4' title="bbox 678 1941 2197 2290">
     <span class='ocr_line' id='line_1_11' title="bbox 678 1941 2196 2048; baseline -0.007 -22"><span class='ocrx_word' id='word_1_79' title='bbox 678 1950 915 2038; x_wconf 80' lang='lat' dir='ltr'><strong>Bibliotheca,</strong></span> <span class='ocrx_word' id='word_1_80' title='bbox 952 1973 1042 2048; x_wconf 91' lang='lat' dir='ltr'><strong>quae</strong></span> <span class='ocrx_word' id='word_1_81' title='bbox 1079 1949 1235 2022; x_wconf 89' lang='lat' dir='ltr'><strong>omnium</strong></span> <span class='ocrx_word' id='word_1_82' title='bbox 1271 1947 1504 2022; x_wconf 81' lang='lat' dir='ltr'><strong>doctrinarum</strong></span> <span class='ocrx_word' id='word_1_83' title='bbox 1542 1943 1705 2018; x_wconf 83' lang='lat' dir='ltr'><strong>studiosis</strong></span> <span class='ocrx_word' id='word_1_84' title='bbox 1734 1944 1861 2041; x_wconf 86' lang='lat' dir='ltr'><strong>pariter</strong></span> <span class='ocrx_word' id='word_1_85' title='bbox 1895 1943 2054 2041; x_wconf 89' lang='lat' dir='ltr'><strong>prodest,</strong></span> <span class='ocrx_word' id='word_1_86' title='bbox 2079 1949 2114 2016; x_wconf 91' lang='lat' dir='ltr'><strong>et</strong></span> <span class='ocrx_word' id='word_1_87' title='bbox 2134 1941 2196 2015; x_wconf 89' lang='lat' dir='ltr'><strong>hoe</strong></span> 
     </span>
     <span class='ocr_line' id='line_1_12' title="bbox 679 2061 2197 2170; baseline -0.009 -24"><span class='ocrx_word' id='word_1_88' title='bbox 679 2097 770 2147; x_wconf 90' lang='lat' dir='ltr'><strong>anno</strong></span> <span class='ocrx_word' id='word_1_89' title='bbox 801 2095 883 2170; x_wconf 89' lang='lat' dir='ltr'><strong>prae</strong></span> <span class='ocrx_word' id='word_1_90' title='bbox 923 2069 1044 2143; x_wconf 90' lang='lat' dir='ltr'><strong>ceteris</strong></span> <span class='ocrx_word' id='word_1_91' title='bbox 1077 2067 1296 2142; x_wconf 78' lang='lat' dir='ltr'><strong>adminiculis</strong></span> <span class='ocrx_word' id='word_1_92' title='bbox 1324 2067 1450 2141; x_wconf 89' lang='lat' dir='ltr'><strong>uostris</strong></span> <span class='ocrx_word' id='word_1_93' title='bbox 1477 2071 1580 2140; x_wconf 89' lang='lat' dir='ltr'><strong>aucta</strong></span> <span class='ocrx_word' id='word_1_94' title='bbox 1601 2071 1637 2138; x_wconf 91' lang='lat' dir='ltr'><strong>et</strong></span> <span class='ocrx_word' id='word_1_95' title='bbox 1661 2063 1844 2138; x_wconf 89' lang='lat' dir='ltr'><strong>emendata</strong></span> <span class='ocrx_word' id='word_1_96' title='bbox 1866 2071 1918 2136; x_wconf 89' lang='lat' dir='ltr'><strong>est</strong></span> <span class='ocrx_word' id='word_1_97' title='bbox 1938 2069 2010 2136; x_wconf 88' lang='lat' dir='ltr'><strong>tarn</strong></span> <span class='ocrx_word' id='word_1_98' title='bbox 2033 2061 2197 2136; x_wconf 91' lang='lat' dir='ltr'><strong>librorum</strong></span> 
     </span>
     <span class='ocr_line' id='line_1_13' title="bbox 680 2183 1786 2290; baseline -0.007 -24"><span class='ocrx_word' id='word_1_99' title='bbox 680 2215 785 2290; x_wconf 90' lang='lat' dir='ltr'><strong>quam</strong></span> <span class='ocrx_word' id='word_1_100' title='bbox 810 2190 962 2264; x_wconf 88' lang='lat' dir='ltr'><strong>locorum</strong></span> <span class='ocrx_word' id='word_1_101' title='bbox 986 2187 1031 2263; x_wconf 92' lang='lat' dir='ltr'><strong>ad</strong></span> <span class='ocrx_word' id='word_1_102' title='bbox 1055 2187 1119 2261; x_wconf 89' lang='lat' dir='ltr'><strong>hos</strong></span> <span class='ocrx_word' id='word_1_103' title='bbox 1140 2187 1373 2285; x_wconf 91' lang='lat' dir='ltr'><strong>disponendos</strong></span> <span class='ocrx_word' id='word_1_104' title='bbox 1396 2194 1557 2284; x_wconf 88' lang='lat' dir='ltr'><strong>aptorum</strong></span> <span class='ocrx_word' id='word_1_105' title='bbox 1582 2183 1786 2258; x_wconf 89' lang='lat' dir='ltr'><strong>accessione.</strong></span> 
     </span>
    </p>

    <p class='ocr_par' dir='ltr' id='par_1_5' title="bbox 679 2298 2282 4923">
     <span class='ocr_line' id='line_1_14' title="bbox 729 2298 2200 2406; baseline -0.008 -23"><span class='ocrx_word' id='word_1_106' title='bbox 729 2311 875 2383; x_wconf 81' lang='lat' dir='ltr'><strong>Constat</strong></span> <span class='ocrx_word' id='word_1_107' title='bbox 895 2306 1102 2380; x_wconf 89' lang='lat' dir='ltr'><strong>iamdudum</strong></span> <span class='ocrx_word' id='word_1_108' title='bbox 1126 2306 1283 2406; x_wconf 74' lang='lat' dir='ltr'><strong>spatium¹</strong></span> <span class='ocrx_word' id='word_1_109' title='bbox 1305 2304 1473 2393; x_wconf 82' lang='lat' dir='ltr'><strong>defuisse,</strong></span> <span class='ocrx_word' id='word_1_110' title='bbox 1500 2311 1540 2377; x_wconf 92' lang='lat' dir='ltr'><strong>ut</strong></span> <span class='ocrx_word' id='word_1_111' title='bbox 1564 2303 1645 2377; x_wconf 90' lang='lat' dir='ltr'><strong>libri</strong></span> <span class='ocrx_word' id='word_1_112' title='bbox 1668 2302 1758 2378; x_wconf 89' lang='lat' dir='ltr'><strong>iuste</strong></span> <span class='ocrx_word' id='word_1_113' title='bbox 1781 2302 2056 2400; x_wconf 85' lang='lat' dir='ltr'><strong>disponerentur.</strong></span> <span class='ocrx_word' id='word_1_114' title='bbox 2108 2298 2200 2372; x_wconf 89' lang='lat' dir='ltr'><strong>Hine</strong></span> 
     </span>
     <span class='ocr_line' id='line_1_15' title="bbox 679 2419 2200 2527; baseline -0.007 -26"><span class='ocrx_word' id='word_1_115' title='bbox 679 2428 847 2527; x_wconf 82' lang='lat' dir='ltr'><strong>paulatim</strong></span> <span class='ocrx_word' id='word_1_116' title='bbox 878 2427 937 2500; x_wconf 89' lang='lat' dir='ltr'><strong>alii</strong></span> <span class='ocrx_word' id='word_1_117' title='bbox 963 2426 1120 2500; x_wconf 87' lang='lat' dir='ltr'><strong>translati</strong></span> <span class='ocrx_word' id='word_1_118' title='bbox 1146 2432 1245 2500; x_wconf 87' lang='lat' dir='ltr'><strong>erant</strong></span> <span class='ocrx_word' id='word_1_119' title='bbox 1268 2427 1305 2500; x_wconf 93' lang='lat' dir='ltr'><strong>in</strong></span> <span class='ocrx_word' id='word_1_120' title='bbox 1328 2427 1440 2500; x_wconf 92' lang='lat' dir='ltr'><strong>locum</strong></span> <span class='ocrx_word' id='word_1_121' title='bbox 1464 2426 1550 2500; x_wconf 91' lang='lat' dir='ltr'><strong>adeo</strong></span> <span class='ocrx_word' id='word_1_122' title='bbox 1572 2425 1729 2511; x_wconf 90' lang='lat' dir='ltr'><strong>editum,</strong></span> <span class='ocrx_word' id='word_1_123' title='bbox 1755 2430 1796 2496; x_wconf 89' lang='lat' dir='ltr'><strong>ut</strong></span> <span class='ocrx_word' id='word_1_124' title='bbox 1820 2420 1987 2519; x_wconf 89' lang='lat' dir='ltr'><strong>vertigine</strong></span> <span class='ocrx_word' id='word_1_125' title='bbox 2009 2419 2200 2494; x_wconf 83' lang='lat' dir='ltr'><strong>laborantes</strong></span> 
     </span>
     <span class='ocr_line' id='line_1_16' title="bbox 681 2541 2201 2644; baseline -0.008 -22"><span class='ocrx_word' id='word_1_126' title='bbox 681 2573 740 2622; x_wconf 91' lang='lat' dir='ltr'><strong>eos</strong></span> <span class='ocrx_word' id='word_1_127' title='bbox 775 2548 833 2620; x_wconf 87' lang='lat' dir='ltr'><strong>vix</strong></span> <span class='ocrx_word' id='word_1_128' title='bbox 871 2548 946 2620; x_wconf 88' lang='lat' dir='ltr'><strong>eine</strong></span> <span class='ocrx_word' id='word_1_129' title='bbox 977 2547 1128 2644; x_wconf 89' lang='lat' dir='ltr'><strong>periculo</strong></span> <span class='ocrx_word' id='word_1_130' title='bbox 1163 2571 1207 2621; x_wconf 83' lang='lat' dir='ltr'><strong>ex</strong></span> <span class='ocrx_word' id='word_1_131' title='bbox 1242 2546 1305 2622; x_wconf 90' lang='lat' dir='ltr'><strong>hac</strong></span> <span class='ocrx_word' id='word_1_132' title='bbox 1340 2547 1465 2622; x_wconf 89' lang='lat' dir='ltr'><strong>vicinia</strong></span> <span class='ocrx_word' id='word_1_133' title='bbox 1501 2545 1584 2620; x_wconf 87' lang='lat' dir='ltr'><strong>tecti</strong></span> <span class='ocrx_word' id='word_1_134' title='bbox 1618 2550 1835 2643; x_wconf 90' lang='lat' dir='ltr'><strong>promerent;</strong></span> <span class='ocrx_word' id='word_1_135' title='bbox 1867 2541 1925 2616; x_wconf 91' lang='lat' dir='ltr'><strong>alii</strong></span> <span class='ocrx_word' id='word_1_136' title='bbox 1958 2564 2093 2615; x_wconf 92' lang='lat' dir='ltr'><strong>summa</strong></span> <span class='ocrx_word' id='word_1_137' title='bbox 2120 2561 2201 2612; x_wconf 87' lang='lat' dir='ltr'><strong>num</strong></span> 
     </span>
     <span class='ocr_line' id='line_1_17' title="bbox 681 2659 2201 2766; baseline -0.005 -26"><span class='ocrx_word' id='word_1_138' title='bbox 681 2667 921 2766; x_wconf 89' lang='lat' dir='ltr'><strong>quaerentium</strong></span> <span class='ocrx_word' id='word_1_139' title='bbox 950 2666 1107 2740; x_wconf 88' lang='lat' dir='ltr'><strong>molestia</strong></span> <span class='ocrx_word' id='word_1_140' title='bbox 1128 2691 1197 2742; x_wconf 91' lang='lat' dir='ltr'><strong>non</strong></span> <span class='ocrx_word' id='word_1_141' title='bbox 1222 2667 1373 2766; x_wconf 90' lang='lat' dir='ltr'><strong>amplius</strong></span> <span class='ocrx_word' id='word_1_142' title='bbox 1395 2667 1493 2741; x_wconf 85' lang='lat' dir='ltr'><strong>iuxta</strong></span> <span class='ocrx_word' id='word_1_143' title='bbox 1522 2665 1584 2740; x_wconf 91' lang='lat' dir='ltr'><strong>sed</strong></span> <span class='ocrx_word' id='word_1_144' title='bbox 1609 2689 1698 2764; x_wconf 93' lang='lat' dir='ltr'><strong>pone</strong></span> <span class='ocrx_word' id='word_1_145' title='bbox 1726 2663 1832 2750; x_wconf 89' lang='lat' dir='ltr'><strong>elios,</strong></span> <span class='ocrx_word' id='word_1_146' title='bbox 1858 2669 1893 2736; x_wconf 89' lang='lat' dir='ltr'><strong>et</strong></span> <span class='ocrx_word' id='word_1_147' title='bbox 1915 2661 1964 2736; x_wconf 89' lang='lat' dir='ltr'><strong>sic</strong></span> <span class='ocrx_word' id='word_1_148' title='bbox 1985 2659 2134 2757; x_wconf 89' lang='lat' dir='ltr'><strong>duplici,</strong></span> <span class='ocrx_word' id='word_1_149' title='bbox 2160 2669 2201 2732; x_wconf 92' lang='lat' dir='ltr'><strong>ut</strong></span> 
     </span>
     <span class='ocr_line' id='line_1_18' title="bbox 680 2779 2203 2874; baseline -0.007 -13"><span class='ocrx_word' id='word_1_150' title='bbox 680 2788 800 2874; x_wconf 90' lang='lat' dir='ltr'><strong>aiunt,</strong></span> <span class='ocrx_word' id='word_1_151' title='bbox 837 2786 942 2874; x_wconf 90' lang='lat' dir='ltr'><strong>serie,</strong></span> <span class='ocrx_word' id='word_1_152' title='bbox 977 2787 1133 2861; x_wconf 92' lang='lat' dir='ltr'><strong>collocati</strong></span> <span class='ocrx_word' id='word_1_153' title='bbox 1166 2795 1275 2862; x_wconf 92' lang='lat' dir='ltr'><strong>erant.</strong></span> <span class='ocrx_word' id='word_1_154' title='bbox 1325 2786 1394 2860; x_wconf 91' lang='lat' dir='ltr'><strong>His</strong></span> <span class='ocrx_word' id='word_1_155' title='bbox 1430 2785 1657 2860; x_wconf 87' lang='lat' dir='ltr'><strong>incommodis</strong></span> <span class='ocrx_word' id='word_1_156' title='bbox 1692 2782 1900 2858; x_wconf 88' lang='lat' dir='ltr'><strong>subventum</strong></span> <span class='ocrx_word' id='word_1_157' title='bbox 1933 2805 2008 2855; x_wconf 88' lang='lat' dir='ltr'><strong>esse</strong></span> <span class='ocrx_word' id='word_1_158' title='bbox 2036 2779 2203 2854; x_wconf 88' lang='lat' dir='ltr'><strong>laetemur</strong></span> 
     </span>
     <span class='ocr_line' id='line_1_19' title="bbox 680 2899 2201 3005; baseline -0.005 -27"><span class='ocrx_word' id='word_1_159' title='bbox 680 2907 799 2980; x_wconf 91' lang='lat' dir='ltr'><strong>iuncto</strong></span> <span class='ocrx_word' id='word_1_160' title='bbox 820 2905 1055 2980; x_wconf 82' lang='lat' dir='ltr'><strong>Bibliothecae</strong></span> <span class='ocrx_word' id='word_1_161' title='bbox 1074 2907 1190 3005; x_wconf 90' lang='lat' dir='ltr'><strong>amplo</strong></span> <span class='ocrx_word' id='word_1_162' title='bbox 1211 2905 1272 2979; x_wconf 94' lang='lat' dir='ltr'><strong>illo</strong></span> <span class='ocrx_word' id='word_1_163' title='bbox 1291 2905 1469 2994; x_wconf 89' lang='lat' dir='ltr'><strong>cubiculo,</strong></span> <span class='ocrx_word' id='word_1_164' title='bbox 1496 2905 1591 3004; x_wconf 91' lang='lat' dir='ltr'><strong>quod</strong></span> <span class='ocrx_word' id='word_1_165' title='bbox 1612 2903 1870 3003; x_wconf 84' lang='lat' dir='ltr'><strong>pulchritudine</strong></span> <span class='ocrx_word' id='word_1_166' title='bbox 1889 2909 1925 2975; x_wconf 92' lang='lat' dir='ltr'><strong>et</strong></span> <span class='ocrx_word' id='word_1_167' title='bbox 1947 2909 2029 2999; x_wconf 94' lang='lat' dir='ltr'><strong>apta</strong></span> <span class='ocrx_word' id='word_1_168' title='bbox 2052 2899 2201 2998; x_wconf 86' lang='lat' dir='ltr'><strong>partium</strong></span> 
     </span>
     <span class='ocr_line' id='line_1_20' title="bbox 683 3022 2201 3125; baseline -0.003 -26"><span class='ocrx_word' id='word_1_169' title='bbox 683 3024 850 3100; x_wconf 82' lang='lat' dir='ltr'><strong>divisione</strong></span> <span class='ocrx_word' id='word_1_170' title='bbox 882 3024 989 3100; x_wconf 82' lang='lat' dir='ltr'><strong>reteri</strong></span> <span class='ocrx_word' id='word_1_171' title='bbox 1012 3025 1173 3101; x_wconf 89' lang='lat' dir='ltr'><strong>cubiculo</strong></span> <span class='ocrx_word' id='word_1_172' title='bbox 1195 3026 1298 3124; x_wconf 89' lang='lat' dir='ltr'><strong>longe</strong></span> <span class='ocrx_word' id='word_1_173' title='bbox 1317 3025 1539 3124; x_wconf 90' lang='lat' dir='ltr'><strong>multumque</strong></span> <span class='ocrx_word' id='word_1_174' title='bbox 1561 3031 1724 3125; x_wconf 88' lang='lat' dir='ltr'><strong>praestat.</strong></span> <span class='ocrx_word' id='word_1_175' title='bbox 1775 3023 1846 3099; x_wconf 90' lang='lat' dir='ltr'><strong>Hic</strong></span> <span class='ocrx_word' id='word_1_176' title='bbox 1867 3031 1943 3097; x_wconf 89' lang='lat' dir='ltr'><strong>tuto</strong></span> <span class='ocrx_word' id='word_1_177' title='bbox 1968 3022 2074 3097; x_wconf 90' lang='lat' dir='ltr'><strong>libros</strong></span> <span class='ocrx_word' id='word_1_178' title='bbox 2098 3044 2201 3119; x_wconf 86' lang='lat' dir='ltr'><strong>quae·</strong></span> 
     </span>
     <span class='ocr_line' id='line_1_21' title="bbox 683 3144 2203 3245; baseline -0.003 -26"><span class='ocrx_word' id='word_1_179' title='bbox 683 3170 776 3235; x_wconf 88' lang='lat' dir='ltr'><strong>rere,</strong></span> <span class='ocrx_word' id='word_1_180' title='bbox 814 3169 970 3245; x_wconf 87' lang='lat' dir='ltr'><strong>promere</strong></span> <span class='ocrx_word' id='word_1_181' title='bbox 1006 3171 1025 3221; x_wconf 90' lang='lat' dir='ltr'><strong>e</strong></span> <span class='ocrx_word' id='word_1_182' title='bbox 1062 3147 1196 3221; x_wconf 89' lang='lat' dir='ltr'><strong>scriniis</strong></span> <span class='ocrx_word' id='word_1_183' title='bbox 1233 3154 1269 3220; x_wconf 89' lang='lat' dir='ltr'><strong>et</strong></span> <span class='ocrx_word' id='word_1_184' title='bbox 1304 3146 1406 3245; x_wconf 91' lang='lat' dir='ltr'><strong>genio</strong></span> <span class='ocrx_word' id='word_1_185' title='bbox 1443 3146 1623 3245; x_wconf 88' lang='lat' dir='ltr'><strong>indulgere</strong></span> <span class='ocrx_word' id='word_1_186' title='bbox 1655 3145 1746 3220; x_wconf 91' lang='lat' dir='ltr'><strong>licet.</strong></span> <span class='ocrx_word' id='word_1_187' title='bbox 1795 3144 1963 3220; x_wconf 83' lang='lat' dir='ltr'><strong>Armeniis</strong></span> <span class='ocrx_word' id='word_1_188' title='bbox 1995 3151 2203 3217; x_wconf 88' lang='lat' dir='ltr'><strong>autemnon</strong></span> 
     </span>
     <span class='ocr_line' id='line_1_22' title="bbox 684 3264 2201 3365; baseline -0.005 -24"><span class='ocrx_word' id='word_1_189' title='bbox 684 3265 795 3341; x_wconf 89' lang='lat' dir='ltr'><strong>scalae</strong></span> <span class='ocrx_word' id='word_1_190' title='bbox 824 3266 1070 3354; x_wconf 86' lang='lat' dir='ltr'><strong>admoventur,</strong></span> <span class='ocrx_word' id='word_1_191' title='bbox 1107 3265 1259 3365; x_wconf 91' lang='lat' dir='ltr'><strong>pondere</strong></span> <span class='ocrx_word' id='word_1_192' title='bbox 1290 3274 1325 3340; x_wconf 89' lang='lat' dir='ltr'><strong>et</strong></span> <span class='ocrx_word' id='word_1_193' title='bbox 1357 3264 1540 3340; x_wconf 86' lang='lat' dir='ltr'><strong>altitudine</strong></span> <span class='ocrx_word' id='word_1_194' title='bbox 1573 3290 1650 3341; x_wconf 89' lang='lat' dir='ltr'><strong>eam</strong></span> <span class='ocrx_word' id='word_1_195' title='bbox 1678 3265 1802 3340; x_wconf 89' lang='lat' dir='ltr'><strong>virium</strong></span> <span class='ocrx_word' id='word_1_196' title='bbox 1826 3264 2054 3339; x_wconf 90' lang='lat' dir='ltr'><strong>intentionem</strong></span> <span class='ocrx_word' id='word_1_197' title='bbox 2085 3270 2201 3359; x_wconf 91' lang='lat' dir='ltr'><strong>postu·</strong></span> 
     </span>
     <span class='ocr_line' id='line_1_23' title="bbox 683 3382 2282 3487; baseline -0.008 -26"><span class='ocrx_word' id='word_1_198' title='bbox 683 3387 815 3474; x_wconf 90' lang='lat' dir='ltr'><strong>lantes,</strong></span> <span class='ocrx_word' id='word_1_199' title='bbox 845 3392 886 3459; x_wconf 91' lang='lat' dir='ltr'><strong>ut</strong></span> <span class='ocrx_word' id='word_1_200' title='bbox 914 3385 959 3460; x_wconf 89' lang='lat' dir='ltr'><strong>ad</strong></span> <span class='ocrx_word' id='word_1_201' title='bbox 982 3386 1070 3461; x_wconf 88' lang='lat' dir='ltr'><strong>areis</strong></span> <span class='ocrx_word' id='word_1_202' title='bbox 1094 3386 1388 3485; x_wconf 82' lang='lat' dir='ltr'><strong>oppugnationem</strong></span> <span class='ocrx_word' id='word_1_203' title='bbox 1420 3386 1564 3487; x_wconf 82' lang='lat' dir='ltr'><strong>aggredi</strong></span> <span class='ocrx_word' id='word_1_204' title='bbox 1586 3386 1651 3459; x_wconf 94' lang='lat' dir='ltr'><strong>tibi</strong></span> <span class='ocrx_word' id='word_1_205' title='bbox 1672 3384 1836 3472; x_wconf 79' lang='lat' dir='ltr'><strong>videaris3</strong></span> <span class='ocrx_word' id='word_1_206' title='bbox 1863 3384 1923 3459; x_wconf 88' lang='lat' dir='ltr'><strong>sed</strong></span> <span class='ocrx_word' id='word_1_207' title='bbox 1944 3382 2096 3481; x_wconf 85' lang='lat' dir='ltr'><strong>porticus</strong></span> <span class='ocrx_word' id='word_1_208' title='bbox 2122 3393 2203 3454; x_wconf 88' lang='lat' dir='ltr'><strong>sunt</strong></span> <span class='ocrx_word' id='word_1_209' title='bbox 2280 3440 2282 3449; x_wconf 81' lang='grc'>,</span> 
     </span>
     <span class='ocr_line' id='line_1_24' title="bbox 683 3504 2203 3604; baseline -0.004 -24"><span class='ocrx_word' id='word_1_210' title='bbox 683 3505 792 3593; x_wconf 91' lang='lat' dir='ltr'><strong>latae,</strong></span> <span class='ocrx_word' id='word_1_211' title='bbox 826 3505 863 3579; x_wconf 93' lang='lat' dir='ltr'><strong>in</strong></span> <span class='ocrx_word' id='word_1_212' title='bbox 899 3530 986 3604; x_wconf 88' lang='lat' dir='ltr'><strong>quas</strong></span> <span class='ocrx_word' id='word_1_213' title='bbox 1017 3506 1207 3581; x_wconf 90' lang='lat' dir='ltr'><strong>commodis</strong></span> <span class='ocrx_word' id='word_1_214' title='bbox 1239 3506 1407 3604; x_wconf 84' lang='lat' dir='ltr'><strong>gradibus</strong></span> <span class='ocrx_word' id='word_1_215' title='bbox 1440 3504 1646 3581; x_wconf 82' lang='lat' dir='ltr'><strong>ascenditur.</strong></span> <span class='ocrx_word' id='word_1_216' title='bbox 1696 3506 1876 3581; x_wconf 87' lang='lat' dir='ltr'><strong>Praeterea</strong></span> <span class='ocrx_word' id='word_1_217' title='bbox 1909 3504 2116 3578; x_wconf 86' lang='lat' dir='ltr'><strong>instructum</strong></span> <span class='ocrx_word' id='word_1_218' title='bbox 2152 3510 2203 3575; x_wconf 92' lang='lat' dir='ltr'><strong>est</strong></span> 
     </span>
     <span class='ocr_line' id='line_1_25' title="bbox 684 3622 2201 3724; baseline -0.002 -24"><span class='ocrx_word' id='word_1_219' title='bbox 684 3626 749 3701; x_wconf 92' lang='lat' dir='ltr'><strong>hoc</strong></span> <span class='ocrx_word' id='word_1_220' title='bbox 770 3626 968 3701; x_wconf 90' lang='lat' dir='ltr'><strong>cubiculum</strong></span> <span class='ocrx_word' id='word_1_221' title='bbox 991 3625 1096 3700; x_wconf 85' lang='lat' dir='ltr'><strong>rebus</strong></span> <span class='ocrx_word' id='word_1_222' title='bbox 1118 3624 1302 3715; x_wconf 89' lang='lat' dir='ltr'><strong>omuibus,</strong></span> <span class='ocrx_word' id='word_1_223' title='bbox 1329 3624 1457 3723; x_wconf 91' lang='lat' dir='ltr'><strong>quibus</strong></span> <span class='ocrx_word' id='word_1_224' title='bbox 1480 3624 1516 3699; x_wconf 92' lang='lat' dir='ltr'><strong>in</strong></span> <span class='ocrx_word' id='word_1_225' title='bbox 1538 3624 1685 3723; x_wconf 89' lang='lat' dir='ltr'><strong>legendo</strong></span> <span class='ocrx_word' id='word_1_226' title='bbox 1704 3632 1740 3699; x_wconf 89' lang='lat' dir='ltr'><strong>et</strong></span> <span class='ocrx_word' id='word_1_227' title='bbox 1762 3624 1976 3724; x_wconf 83' lang='lat' dir='ltr'><strong>excerpendo</strong></span> <span class='ocrx_word' id='word_1_228' title='bbox 1995 3622 2201 3721; x_wconf 80' lang='lat' dir='ltr'><strong>indigemus</strong></span> 
     </span>
     <span class='ocr_line' id='line_1_26' title="bbox 684 3744 2203 3843; baseline -0.002 -24"><span class='ocrx_word' id='word_1_229' title='bbox 684 3745 846 3819; x_wconf 78' lang='lat' dir='ltr'><strong>Etiamne</strong></span> <span class='ocrx_word' id='word_1_230' title='bbox 884 3744 1022 3843; x_wconf 87' lang='lat' dir='ltr'><strong>inquis:</strong></span> <span class='ocrx_word' id='word_1_231' title='bbox 1060 3744 1211 3843; x_wconf 84' lang='lat' dir='ltr'><strong>hyemali</strong></span> <span class='ocrx_word' id='word_1_232' title='bbox 1250 3752 1404 3843; x_wconf 86' lang='lat' dir='ltr'><strong>tempore</strong></span> <span class='ocrx_word' id='word_1_233' title='bbox 1438 3744 1591 3819; x_wconf 89' lang='lat' dir='ltr'><strong>iucunda</strong></span> <span class='ocrx_word' id='word_1_234' title='bbox 1628 3744 1754 3820; x_wconf 86' lang='lat' dir='ltr'><strong>fruitur</strong></span> <span class='ocrx_word' id='word_1_235' title='bbox 1788 3744 1877 3821; x_wconf 73' lang='lat' dir='ltr'><strong>atris</strong></span> <span class='ocrx_word' id='word_1_236' title='bbox 1912 3744 2095 3843; x_wconf 91' lang='lat' dir='ltr'><strong>temperie,</strong></span> <span class='ocrx_word' id='word_1_237' title='bbox 2132 3749 2203 3817; x_wconf 90' lang='lat' dir='ltr'><strong>arte</strong></span> 
     </span>
     <span class='ocr_line' id='line_1_27' title="bbox 685 3862 2203 3963; baseline -0.001 -26"><span class='ocrx_word' id='word_1_238' title='bbox 685 3865 828 3961; x_wconf 81' lang='lat' dir='ltr'><strong>parata?</strong></span> <span class='ocrx_word' id='word_1_239' title='bbox 877 3865 916 3936; x_wconf 87' lang='lat' dir='ltr'><strong>Si</strong></span> <span class='ocrx_word' id='word_1_240' title='bbox 940 3888 1028 3962; x_wconf 90' lang='lat' dir='ltr'><strong>quos</strong></span> <span class='ocrx_word' id='word_1_241' title='bbox 1059 3864 1216 3963; x_wconf 84' lang='lat' dir='ltr'><strong>proxima</strong></span> <span class='ocrx_word' id='word_1_242' title='bbox 1246 3862 1369 3961; x_wconf 87' lang='lat' dir='ltr'><strong>hyeme</strong></span> <span class='ocrx_word' id='word_1_243' title='bbox 1392 3863 1504 3963; x_wconf 85' lang='lat' dir='ltr'><strong>frigus</strong></span> <span class='ocrx_word' id='word_1_244' title='bbox 1524 3864 1606 3939; x_wconf 91' lang='lat' dir='ltr'><strong>inde</strong></span> <span class='ocrx_word' id='word_1_245' title='bbox 1629 3866 1743 3963; x_wconf 91' lang='lat' dir='ltr'><strong>pellit,</strong></span> <span class='ocrx_word' id='word_1_246' title='bbox 1769 3865 1831 3940; x_wconf 89' lang='lat' dir='ltr'><strong>hos</strong></span> <span class='ocrx_word' id='word_1_247' title='bbox 1854 3865 1890 3939; x_wconf 94' lang='lat' dir='ltr'><strong>in</strong></span> <span class='ocrx_word' id='word_1_248' title='bbox 1915 3864 2038 3939; x_wconf 86' lang='lat' dir='ltr'><strong>vicinia</strong></span> <span class='ocrx_word' id='word_1_249' title='bbox 2057 3862 2203 3961; x_wconf 86' lang='lat' dir='ltr'><strong>excipiet</strong></span> 
     </span>
     <span class='ocr_line' id='line_1_28' title="bbox 686 3981 2203 4081; baseline -0.001 -24"><span class='ocrx_word' id='word_1_250' title='bbox 686 3991 722 4057; x_wconf 92' lang='lat' dir='ltr'><strong>et</strong></span> <span class='ocrx_word' id='word_1_251' title='bbox 743 3981 890 4069; x_wconf 85' lang='lat' dir='ltr'><strong>fovebit,</strong></span> <span class='ocrx_word' id='word_1_252' title='bbox 915 3984 1010 4080; x_wconf 91' lang='lat' dir='ltr'><strong>quod</strong></span> <span class='ocrx_word' id='word_1_253' title='bbox 1036 4007 1129 4057; x_wconf 91' lang='lat' dir='ltr'><strong>nunc</strong></span> <span class='ocrx_word' id='word_1_254' title='bbox 1157 3983 1538 4059; x_wconf 74' lang='lat' dir='ltr'><strong>exsuuitnr&#39;conclnve.</strong></span> <span class='ocrx_word' id='word_1_255' title='bbox 1588 3984 1687 4059; x_wconf 89' lang='lat' dir='ltr'><strong>Haec</strong></span> <span class='ocrx_word' id='word_1_256' title='bbox 1710 3986 1792 4060; x_wconf 86' lang='lat' dir='ltr'><strong>laeti</strong></span> <span class='ocrx_word' id='word_1_257' title='bbox 1814 4008 2045 4060; x_wconf 89' lang='lat' dir='ltr'><strong>memoramus</strong></span> <span class='ocrx_word' id='word_1_258' title='bbox 2066 3992 2203 4081; x_wconf 91' lang='lat' dir='ltr'><strong>propter</strong></span> 
     </span>
     <span class='ocr_line' id='line_1_29' title="bbox 686 4101 2203 4204; baseline -0.001 -29"><span class='ocrx_word' id='word_1_259' title='bbox 686 4102 859 4199; x_wconf 84' lang='lat' dir='ltr'><strong>insignem</strong></span> <span class='ocrx_word' id='word_1_260' title='bbox 880 4102 1047 4176; x_wconf 91' lang='lat' dir='ltr'><strong>librorum</strong></span> <span class='ocrx_word' id='word_1_261' title='bbox 1072 4101 1323 4191; x_wconf 84' lang='lat' dir='ltr'><strong>accessionem,</strong></span> <span class='ocrx_word' id='word_1_262' title='bbox 1348 4104 1476 4201; x_wconf 88' lang='lat' dir='ltr'><strong>quibus</strong></span> <span class='ocrx_word' id='word_1_263' title='bbox 1498 4104 1702 4202; x_wconf 90' lang='lat' dir='ltr'><strong>recipiendis</strong></span> <span class='ocrx_word' id='word_1_264' title='bbox 1725 4106 1762 4179; x_wconf 94' lang='lat' dir='ltr'><strong>in</strong></span> <span class='ocrx_word' id='word_1_265' title='bbox 1787 4128 1948 4204; x_wconf 90' lang='lat' dir='ltr'><strong>praesens</strong></span> <span class='ocrx_word' id='word_1_266' title='bbox 1971 4102 2067 4177; x_wconf 91' lang='lat' dir='ltr'><strong>haud</strong></span> <span class='ocrx_word' id='word_1_267' title='bbox 2088 4102 2203 4176; x_wconf 89' lang='lat' dir='ltr'><strong>obstat</strong></span> 
     </span>
     <span class='ocr_line' id='line_1_30' title="bbox 686 4221 2202 4323; baseline -0.001 -28"><span class='ocrx_word' id='word_1_268' title='bbox 686 4223 848 4322; x_wconf 89' lang='lat' dir='ltr'><strong>spatium.</strong></span> <span class='ocrx_word' id='word_1_269' title='bbox 898 4223 947 4296; x_wconf 82' lang='lat' dir='ltr'><strong>m</strong></span> <span class='ocrx_word' id='word_1_270' title='bbox 972 4248 1055 4297; x_wconf 90' lang='lat' dir='ltr'><strong>sane</strong></span> <span class='ocrx_word' id='word_1_271' title='bbox 1074 4221 1291 4297; x_wconf 89' lang='lat' dir='ltr'><strong>Bibliotheca</strong></span> <span class='ocrx_word' id='word_1_272' title='bbox 1311 4223 1375 4298; x_wconf 92' lang='lat' dir='ltr'><strong>hoc</strong></span> <span class='ocrx_word' id='word_1_273' title='bbox 1397 4225 1610 4307; x_wconf 68' lang='lat' dir='ltr'><strong>annovalde</strong></span> <span class='ocrx_word' id='word_1_274' title='bbox 1634 4225 1840 4323; x_wconf 89' lang='lat' dir='ltr'><strong>locupletata</strong></span> <span class='ocrx_word' id='word_1_275' title='bbox 1866 4233 1919 4299; x_wconf 90' lang='lat' dir='ltr'><strong>est</strong></span> <span class='ocrx_word' id='word_1_276' title='bbox 1944 4232 2021 4297; x_wconf 89' lang='lat' dir='ltr'><strong>tum</strong></span> <span class='ocrx_word' id='word_1_277' title='bbox 2039 4222 2202 4321; x_wconf 89' lang='lat' dir='ltr'><strong>prudenti</strong></span> 
     </span>
     <span class='ocr_line' id='line_1_31' title="bbox 686 4340 2200 4441; baseline -0.001 -26"><span class='ocrx_word' id='word_1_278' title='bbox 686 4342 856 4417; x_wconf 79' lang='lat' dir='ltr'><strong>variorum</strong></span> <span class='ocrx_word' id='word_1_279' title='bbox 881 4341 1113 4418; x_wconf 89' lang='lat' dir='ltr'><strong>subsidiorum</strong></span> <span class='ocrx_word' id='word_1_280' title='bbox 1134 4340 1353 4441; x_wconf 90' lang='lat' dir='ltr'><strong>publicorum</strong></span> <span class='ocrx_word' id='word_1_281' title='bbox 1378 4353 1446 4418; x_wconf 80' lang='lat' dir='ltr'><strong>usu</strong></span> <span class='ocrx_word' id='word_1_282' title='bbox 1469 4354 1547 4419; x_wconf 92' lang='lat' dir='ltr'><strong>tum</strong></span> <span class='ocrx_word' id='word_1_283' title='bbox 1573 4344 1839 4419; x_wconf 83' lang='lat' dir='ltr'><strong>Academiarum</strong></span> <span class='ocrx_word' id='word_1_284' title='bbox 1863 4352 2056 4419; x_wconf 87' lang='lat' dir='ltr'><strong>exterarum</strong></span> <span class='ocrx_word' id='word_1_285' title='bbox 2081 4350 2116 4417; x_wconf 88' lang='lat' dir='ltr'><strong>et</strong></span> <span class='ocrx_word' id='word_1_286' title='bbox 2139 4342 2200 4414; x_wconf 90' lang='lat' dir='ltr'><strong>So·</strong></span> 
     </span>
     <span class='ocr_line' id='line_1_32' title="bbox 685 4461 2201 4562; baseline 0 -27"><span class='ocrx_word' id='word_1_287' title='bbox 685 4462 839 4548; x_wconf 87' lang='lat' dir='ltr'><strong>cietntis,</strong></span> <span class='ocrx_word' id='word_1_288' title='bbox 864 4486 953 4560; x_wconf 90' lang='lat' dir='ltr'><strong>quae</strong></span> <span class='ocrx_word' id='word_1_289' title='bbox 987 4488 1008 4537; x_wconf 89' lang='lat' dir='ltr'><strong>a</strong></span> <span class='ocrx_word' id='word_1_290' title='bbox 1034 4463 1265 4562; x_wconf 90' lang='lat' dir='ltr'><strong>permutando</strong></span> <span class='ocrx_word' id='word_1_291' title='bbox 1288 4488 1414 4539; x_wconf 91' lang='lat' dir='ltr'><strong>nomen</strong></span> <span class='ocrx_word' id='word_1_292' title='bbox 1441 4464 1567 4552; x_wconf 87' lang='lat' dir='ltr'><strong>habet,</strong></span> <span class='ocrx_word' id='word_1_293' title='bbox 1592 4465 1845 4551; x_wconf 86' lang='lat' dir='ltr'><strong>munificentia,</strong></span> <span class='ocrx_word' id='word_1_294' title='bbox 1872 4474 1945 4538; x_wconf 90' lang='lat' dir='ltr'><strong>turn</strong></span> <span class='ocrx_word' id='word_1_295' title='bbox 1971 4462 2074 4537; x_wconf 88' lang='lat' dir='ltr'><strong>etiarn</strong></span> <span class='ocrx_word' id='word_1_296' title='bbox 2103 4461 2201 4535; x_wconf 90' lang='lat' dir='ltr'><strong>donis</strong></span> 
     </span>
     <span class='ocr_line' id='line_1_33' title="bbox 686 4581 2201 4683; baseline -0.001 -27"><span class='ocrx_word' id='word_1_297' title='bbox 686 4581 813 4656; x_wconf 87' lang='lat' dir='ltr'><strong>civium</strong></span> <span class='ocrx_word' id='word_1_298' title='bbox 847 4590 1041 4657; x_wconf 88' lang='lat' dir='ltr'><strong>nostrornm</strong></span> <span class='ocrx_word' id='word_1_299' title='bbox 1066 4591 1102 4657; x_wconf 90' lang='lat' dir='ltr'><strong>et</strong></span> <span class='ocrx_word' id='word_1_300' title='bbox 1126 4583 1269 4683; x_wconf 84' lang='lat' dir='ltr'><strong>provida</strong></span> <span class='ocrx_word' id='word_1_301' title='bbox 1288 4586 1490 4659; x_wconf 87' lang='lat' dir='ltr'><strong>Curatorum</strong></span> <span class='ocrx_word' id='word_1_302' title='bbox 1516 4609 1607 4660; x_wconf 91' lang='lat' dir='ltr'><strong>cura.</strong></span> <span class='ocrx_word' id='word_1_303' title='bbox 1656 4584 1708 4659; x_wconf 93' lang='lat' dir='ltr'><strong>Hi</strong></span> <span class='ocrx_word' id='word_1_304' title='bbox 1730 4584 1843 4671; x_wconf 90' lang='lat' dir='ltr'><strong>enim,</strong></span> <span class='ocrx_word' id='word_1_305' title='bbox 1869 4607 1979 4681; x_wconf 91' lang='lat' dir='ltr'><strong>quum</strong></span> <span class='ocrx_word' id='word_1_306' title='bbox 1997 4608 2017 4655; x_wconf 91' lang='lat' dir='ltr'><strong>e</strong></span> <span class='ocrx_word' id='word_1_307' title='bbox 2037 4581 2201 4679; x_wconf 86' lang='lat' dir='ltr'><strong>Catalogo</strong></span> 
     </span>
     <span class='ocr_line' id='line_1_34' title="bbox 687 4700 2200 4805; baseline -0.001 -31"><span class='ocrx_word' id='word_1_308' title='bbox 687 4700 895 4798; x_wconf 91' lang='lat' dir='ltr'><strong>scriptorum</strong></span> <span class='ocrx_word' id='word_1_309' title='bbox 915 4700 1154 4789; x_wconf 90' lang='lat' dir='ltr'><strong>orientalium,</strong></span> <span class='ocrx_word' id='word_1_310' title='bbox 1189 4728 1211 4777; x_wconf 92' lang='lat' dir='ltr'><strong>a</strong></span> <span class='ocrx_word' id='word_1_311' title='bbox 1239 4703 1438 4778; x_wconf 85' lang='lat' dir='ltr'><strong>Clarissimo</strong></span> <span class='ocrx_word' id='word_1_312' title='bbox 1468 4728 1617 4779; x_wconf 74' lang='lat' dir='ltr'><strong>uramus</strong></span> <span class='ocrx_word' id='word_1_313' title='bbox 1641 4704 1796 4805; x_wconf 84' lang='lat' dir='ltr'><strong>confecto</strong></span> <span class='ocrx_word' id='word_1_314' title='bbox 1817 4713 1853 4779; x_wconf 89' lang='lat' dir='ltr'><strong>et</strong></span> <span class='ocrx_word' id='word_1_315' title='bbox 1877 4701 2113 4777; x_wconf 88' lang='lat' dir='ltr'><strong>Bibliothecae</strong></span> <span class='ocrx_word' id='word_1_316' title='bbox 2141 4702 2200 4773; x_wconf 92' lang='lat' dir='ltr'><strong>do·</strong></span> 
     </span>
     <span class='ocr_line' id='line_1_35' title="bbox 685 4817 2202 4923; baseline -0.002 -28"><span class='ocrx_word' id='word_1_317' title='bbox 685 4826 786 4909; x_wconf 88' lang='lat' dir='ltr'><strong>nato,</strong></span> <span class='ocrx_word' id='word_1_318' title='bbox 818 4817 924 4893; x_wconf 91' lang='lat' dir='ltr'><strong>huius</strong></span> <span class='ocrx_word' id='word_1_319' title='bbox 954 4819 990 4893; x_wconf 93' lang='lat' dir='ltr'><strong>in</strong></span> <span class='ocrx_word' id='word_1_320' title='bbox 1020 4820 1084 4896; x_wconf 92' lang='lat' dir='ltr'><strong>hoc</strong></span> <span class='ocrx_word' id='word_1_321' title='bbox 1119 4819 1293 4897; x_wconf 87' lang='lat' dir='ltr'><strong>doctrinae</strong></span> <span class='ocrx_word' id='word_1_322' title='bbox 1325 4847 1450 4921; x_wconf 86' lang='lat' dir='ltr'><strong>genere</strong></span> <span class='ocrx_word' id='word_1_323' title='bbox 1473 4824 1590 4923; x_wconf 91' lang='lat' dir='ltr'><strong>inopia</strong></span> <span class='ocrx_word' id='word_1_324' title='bbox 1611 4826 1826 4923; x_wconf 87' lang='lat' dir='ltr'><strong>apparuisset</strong></span> <span class='ocrx_word' id='word_1_325' title='bbox 1849 4832 1966 4910; x_wconf 89' lang='lat' dir='ltr'><strong>tanta,</strong></span> <span class='ocrx_word' id='word_1_326' title='bbox 1995 4828 2124 4920; x_wconf 87' lang='lat' dir='ltr'><strong>quanta</strong></span> <span class='ocrx_word' id='word_1_327' title='bbox 2146 4820 2202 4892; x_wconf 88' lang='lat' dir='ltr'><strong>vix</strong></span> 
     </span>
    </p>
   </div>
   <div class='ocr_carea' id='block_1_5' title="bbox 0 0 2500 6164">
    <p class='ocr_par' dir='ltr' id='par_1_6' title="bbox 0 0 2500 6164">
     <span class='ocr_line' id='line_1_36' title="bbox 0 0 2500 6164; baseline 0 0"><span class='ocrx_word' id='word_1_328' title='bbox 0 0 2500 6164; x_wconf 95' lang='lat' dir='ltr'><strong> </strong></span> 
     </span>
    </p>
   </div>
  </div>
 </body>
</html>
