4959 6175
919 695 1197 771 ORATIO.
1782 694 1822 767 ld

305 910 367 987 sed
397 933 511 1010 nequa
545 910 709 1001 actionis,
746 934 861 1011 neque
895 911 1033 1013 legum,
1069 938 1113 987 er
1149 908 1275 987 mentis
1303 907 1414 1009 ipsius
1445 915 1570 983 natura
1606 915 1823 998 exortarum,

305 1031 435 1130 quibua
457 1039 511 1107 e'st
530 1031 714 1122 adstricta,
734 1031 842 1107 veluti
864 1042 975 1107 meter
994 1040 1058 1109 est.
1108 1031 1352 1107 certissimum
1374 1029 1517 1129 quidem
1540 1035 1595 1103 est
1613 1052 1677 1104 nos
1700 1027 1824 1105 harum

303 1152 421 1252 legum
445 1176 520 1227 esse
540 1152 698 1251 wama,
723 1150 905 1250 nudasque
930 1152 1180 1251 categoriarum
1201 1153 1363 1252 effingere
1387 1173 1489 1249 posse
1509 1148 1686 1237 notiones,
1711 1138 1824 1248 prius·

304 1296 412 1372 quem
430 1272 475 1347 ad
491 1271 735 1371 cogitationem
752 1282 905 1347 noemam
920 1272 1078 1347 animum
1094 1268 1354 1347 attenderimus.
1380 1269 1513 1344 Verum
1529 1267 1824 1369 quemadmodum

303 1399 417 1467 cetera
446 1397 564 1466 nostre
585 1416 656 1466 non
685 1398 762 1465 turn
788 1391 932 1467 demum
960 1391 1132 1481 esistunt,
1167 1416 1277 1491 quum
1310 1414 1430 1465 eorum
1456 1390 1563 1464 fimus
1596 1389 1740 1478 conscii,
1775 1388 1826 1465 ite

303 1535 416 1609 neque
438 1510 490 1586 illi
514 1511 622 1587 animi
647 1518 763 1587 motus
786 1511 877 1586 inter
903 1536 940 1587 se
970 1510 1116 1601 diversi,
1141 1510 1272 1611 quibus
1294 1534 1349 1585 res
1372 1509 1698 1608 comprehendimus
1719 1517 1825 1609 atque

302 1629 539 1730 intelligimus.

351 1751 401 1824 Ut
428 1750 537 1850 igitur
566 1750 625 1827 ille
651 1751 688 1825 in
715 1776 827 1827 errore
852 1759 1022 1841 versatur,
1058 1751 1121 1850 qui
1154 1776 1191 1826 ae
1228 1775 1271 1824 ex
1305 1750 1410 1825 nudis
1440 1749 1569 1826 mentis
1602 1746 1827 1847 conceptibus

303 1871 477 1947 doetrinae
509 1896 634 1970 corpus
669 1871 875 1947 effecturum
908 1879 1041 1970 speret,
1078 1896 1190 1970 quum
1224 1869 1434 1946 antitheseos
1468 1868 1739 1967 syntheaeosque
1772 1866 1827 1941 ria

300 1991 509 2089 procedens,
532 1990 620 2066 nihil
639 1992 712 2091 egit
732 1990 845 2080 alud,
871 2014 977 2089 quem
995 1998 1037 2066 ut
1057 2001 1192 2067 revocet
1213 1990 1498 2091 sepositosquee
1517 1986 1703 2063 memoriae
1720 1986 1827 2061 infixa

302 2110 501 2199 haeserant,
526 2109 593 2200 sic,
625 2110 655 2185 si
689 2111 776 2209 quid
801 2110 917 2198 video,
942 2110 972 2185 is
1004 2135 1143 2209 quoque
1167 2110 1314 2199 fallitur,
1340 2109 1401 2207 qui
1425 2132 1530 2208 supra
1560 2113 1827 2184 commemorate

301 2230 517 2329 intelligendi
552 2230 784 2305 instrumente
818 2254 862 2303 ex
898 2252 1064 2303 sensuum
1097 2228 1178 2303 visis
1213 2237 1295 2302 nata
1321 2236 1357 2302 et
1383 2253 1404 2302 a
1429 2227 1534 2301 rebus
1557 2227 1722 2303 distincte
1754 2227 1827 2302 sive

300 2344 571 2423 abstracte'esse
592 2358 704 2448 putat.
745 2349 827 2421 Non
853 2348 1055 2446 negandum
1080 2355 1133 2421 est
1158 2346 1279 2422 eadem
1303 2347 1358 2421 via
1383 2346 1598 2420 notiones
1619 2347 1827 2446 categoricas

300 2478 405 2567 atque
426 2469 512 2561 alias
534 2467 730 2541 informaris
759 2467 821 2542 sed
849 2476 1076 2566 utrarumque
1101 2466 1236 2542 diverse
1258 2474 1312 2540 est
1334 2466 1538 2541 materia.
1588 2466 1727 2542 Herum
1752 2491 1826 2544 me·

300 2588 385 2663 teria
410 2588 486 2686 ipsa
505 2595 559 2661 est
581 2587 763 2686 cogitatio,
789 2612 852 2662 seu
872 2587 999 2662 mentis
1021 2586 1111 2663 actio
1132 2586 1313 2663 materiem
1338 2586 1569 2683 undecunque
1594 2598 1703 2663 ortam
1729 2588 1825 2689 dige-

304 2708 410 2783 rentis
433 2707 735 2807 cognitionemque
757 2708 840 2784 inde
862 2707 1050 2784 efficientis.

349 2827 529 2927 Distingui
562 2826 695 2902 solebat
726 2828 818 2903 inter
852 2826 1051 2928 disciplinas
1082 2827 1264 2927 empiricos
1296 2834 1333 2901 et
1356 2826 1549 2903 rationales.
1600 2826 1823 2915 Dialecticam

302 2947 364 3046 qui
403 2955 596 3047 sequuntur
627 2947 852 3037 methodum,
889 2972 948 3037 ea,
986 2972 1075 3047 quae
1110 2971 1209 3021 vere
1245 2946 1359 3036 sint,
1395 2972 1467 3022 una
1500 2948 1633 3047 ratione
1665 2949 1826 3047 cognosci

301 3066 511 3144 existiment.
561 3068 632 3144 Sed
661 3091 781 3144 rursus
820 3069 1002 3170 empiricos
1035 3067 1191 3145 methodi
1224 3068 1362 3167 petroni
1391 3067 1491 3144 nimii
1523 3068 1611 3144 mihi
1645 3067 1826 3158 videntur,

299 3210 410 3287 quum
443 3184 689 3286 experientiam
720 3185 979 3288 disciplinarum
1007 3188 1133 3278 etiam,
1159 3212 1250 3286 qnae
1275 3187 1435 3264 formales
1464 3188 1644 3280 dicuntur,
1681 3189 1825 3264 unicum

300 3331 375 3382 esse
396 3305 528 3381 lentem
550 3307 776 3383 contendunt.
827 3308 1113 3384 Mathematicam
1135 3308 1186 3384 illi
1212 3308 1403 3384 subiiciunt
1435 3309 1614 3408 Physicae.
1664 3310 1712 3384 Ilt
1732 3311 1824 3384 Geo-

300 3424 423 3501 metria
440 3424 582 3525 quidem
600 3424 768 3525 Physicae
784 3449 863 3526 para
880 3426 1048 3502 hactenus
1066 3425 1134 3501 dici
1150 3433 1281 3525 potest,
1301 3430 1396 3528 quod
1414 3437 1538 3506 tractat
1554 3453 1643 3530 quae
1660 3427 1823 3503 omnibus

301 3545 501 3646 corporibus
524 3552 608 3620 sunt
627 3547 836 3624 communia.
886 3547 957 3622 Sed
984 3571 1214 3647 quamquam,
1240 3554 1281 3621 ut
1304 3549 1454 3648 liguram
1475 3550 1529 3625 rel
1553 3549 1704 3649 spatium
1728 3548 1821 3647 cogi·

302 3675 438 3754 temus,
461 3665 559 3741 nulle
579 3665 789 3764 experientia
820 3692 909 3766 opus
931 3675 1003 3756 est,
1036 3666 1118 3742 inde
1145 3675 1262 3742 tamen
1295 3668 1390 3744 haud
1421 3671 1524 3769 pauci
1547 3668 1671 3743 harum
1704 3692 1821 3742 rerum

302 3787 478 3862 notionem
501 3795 620 3862 netum
641 3809 717 3860 esse
739 3786 961 3862 arbitrentur.
1013 3786 1084 3861 Sed
1106 3785 1137 3860 si
1167 3785 1219 3860 vel
1239 3785 1305 3861 hoc
1326 3786 1531 3885 largiamur,
1557 3785 1748 3862 tenendum
1768 3795 1822 3860 eat

301 3931 437 3996 eorum,
472 3931 561 4007 quae
596 3905 756 3982 sensibus
783 3906 1036 4007 percipiuntur,
1069 3905 1107 3981 in
1142 3904 1323 4006 disciplina
1357 3905 1435 4005 ipsa
1466 3905 1654 3981 excolende
1683 3906 1820 3981 nullum

302 4049 378 4100 esee
412 4050 526 4102 mum.
575 4027 723 4102 Inventa
753 4026 846 4116 eius,
877 4026 930 4102 uti
957 4028 1002 4102 ab
1037 4051 1107 4102 une
1129 4026 1259 4102 mentis
1290 4025 1499 4126 cogitatione
1531 4035 1610 4103 orta
1633 4035 1734 4117 sunt,
1770 4027 1819 4104 sic

301 4145 398 4220 nulla
429 4144 584 4222 adbibita
617 4147 826 4248 experientia
843 4171 923 4222 vera
946 4171 1021 4223 esse
1044 4146 1335 4228 demonstrentur.
1385 4147 1581 4223 Fatendum
1603 4154 1658 4222 est
1680 4147 1818 4222 Mathe·

300 4265 444 4341 maticcs
475 4289 657 4364 corporum
680 4259 863 4342 simulacra
896 4267 933 4340 in
960 4266 1076 4342 animo
1108 4267 1302 4366 praesentia
1330 4267 1573 4366 contemplari,
1607 4266 1670 4341 sed
1702 4267 1739 4341 in
1775 4267 1818 4342 iis

301 4385 405 4460 etiarn
433 4387 533 4475 sunt,
559 4411 648 4487 quaa
673 4388 760 4462 nulli
787 4411 902 4463 rerum
932 4386 1180 4475 observationi,
1207 4386 1269 4461 sed
1291 4386 1355 4461 soli
1380 4386 1574 4461 debeantur
1597 4387 1817 4486 cogitationi,

302 4530 390 4604 quae
416 4506 473 4582 hic
500 4493 695 4607 praecedit,
720 4510 806 4584 dum
830 4509 986 4608 sequitur
1008 4507 1262 4608 contemplatio.
1311 4506 1443 4594 Iidem,
1469 4506 1599 4606 quibus
1622 4531 1687 4583 nos
1711 4532 1817 4607 oppo-

300 4627 434 4716 nimus,
459 4629 666 4704 contendere
697 4629 825 4718 solent,
860 4630 993 4719 omnia,
1028 4653 1117 4728 quae
1143 4627 1374 4705 axiomatibus
1399 4627 1648 4719 enuncientur,
1672 4652 1743 4705 non
1773 4655 1818 4704 ex

300 4747 404 4821 unius
438 4748 565 4823 mentis
593 4749 771 4824 functione
795 4749 991 4848 provenire,
1025 4749 1087 4824 sed
1120 4748 1367 4850 experientium
1391 4748 1535 4846 ‚fenum
1563 4749 1690 4824 hebere
1722 4750 1816 4824 unde

300 4875 479 4944 emanent:
504 4868 611 4968 idque
634 4870 723 4946 effici
744 4877 869 4971 putant
889 4869 954 4945 hoc
975 4877 1198 4970 argumento,
1223 4869 1319 4968 quod
1339 4870 1442 4946 multi
1462 4895 1583 4948 eorum
1601 4878 1684 4946 sunt
1703 4870 1814 4945 inscii.
1859 4867 1863 4872 ’
