4959 6175
916 660 1194 755 oaa‘rro.
1798 685 1817 749 a

300 900 415 967 tamen
454 915 523 965 non
560 898 613 965 est
646 891 774 966 mirum
810 917 884 968 asse
921 920 1078 995 quoque,
1118 893 1179 993 qui
1212 890 1456 966 nonnullarum
1491 914 1606 964 rerum
1641 886 1819 961 scientiam

300 1012 440 1086 aliunde
469 1010 656 1110 petendam
686 1036 761 1085 essa
787 1012 995 1091 existiment.
1046 1016 1138 1089 Nam
1162 1019 1298 1112 praeter
1320 1036 1374 1085 res
1397 1010 1434 1083 in
1461 1033 1583 1084 sensus
1605 1008 1820 1082 incurrentes

299 1132 386 1208 tales
419 1132 524 1214 etiam
557 1131 673 1206 animo
710 1131 954 1223 obversantur,
991 1160 1080 1234 quae
1111 1160 1131 1208 a
1160 1133 1320 1208 sensibus
1354 1139 1436 1205 sunt
1466 1138 1636 1216 remotae,
1671 1152 1819 1229 quarum

300 1259 417 1328 tumen
440 1275 509 1325 non
535 1251 647 1325 omnis
669 1250 792 1326 notitia
815 1261 941 1353 negata
962 1255 1062 1329 nobis
1086 1254 1231 1329 videtur.
1283 1254 1326 1325 In
1349 1252 1512 1326 omnibus
1533 1249 1697 1351 gentibus
1716 1250 1820 1348 paulo

299 1361 501 1447 cultioribus
526 1370 641 1459 luere,
667 1370 728 1469 qui
755 1396 870 1447 rerum
895 1375 1050 1449 omnium
1080 1384 1239 1449 naturam
1269 1380 1304 1446 et
1331 1371 1500 1472 originem
1528 1372 1761 1470 explorarent,
1786 1378 1821 1444 et

300 1491 345 1565 ad
376 1490 461 1588 quid
494 1488 650 1563 homines
678 1489 788 1588 geniti
812 1498 928 1564 essent
953 1491 1159 1591 investigare
1185 1490 1375 1568 studerent.
1427 1492 1534 1566 Multi
1555 1490 1674 1590 populi
1699 1515 1720 1564 a
1748 1515 1820 1564 ma·

298 1610 429 1684 iuribus
456 1618 630 1709 acceptam
654 1610 835 1684 coluerunt
864 1610 1055 1687 doctrinam
1080 1612 1123 1687 de
1149 1611 1219 1688 vita
1244 1613 1352 1687 animi
1374 1620 1454 1712 post
1481 1620 1627 1685 mortem
1650 1609 1820 1709 corporis,

300 1731 344 1804 de
369 1731 445 1805 Deo
473 1730 586 1828 deque
615 1728 690 1805 eius
715 1755 795 1804 cum
822 1730 1022 1807 hominibus
1046 1732 1287 1806 coniunctione
1322 1742 1357 1807 et
1393 1733 1573 1808 hominum
1599 1756 1681 1829 erga
1705 1732 1822 1803 Deum

300 1850 429 1941 officiis.
480 1850 643 1933 Divinam
676 1850 851 1947 religionis
884 1851 1101 1926 Christianae
1128 1852 1297 1951 originem
1323 1853 1426 1928 multi
1451 1851 1618 1949 Theologi
1642 1849 1822 1924 'historicis

301 1970 531 2045 defenderunt
556 1969 788 2068 argumentis:
816 1972 877 2045 sed
903 1995 1022 2047 eorum
1054 1972 1178 2060 etiam,
1204 1973 1266 2072 qui
1289 1972 1335 2046 ad
1358 1972 1558 2072 religionem
1581 1970 1822 2045 vindicandam

301 2090 478 2164 historiam
508 2079 633 2163 testam
659 2088 891 2163 adhibendam
916 2092 1120 2180 censebant,
1146 2092 1248 2165 multi
1273 2092 1487 2191 argumentis
1514 2118 1653 2191 quoque
1682 2090 1822 2165 aliunde

301 2210 420 2309 petitis
445 2208 510 2282 hac
531 2210 566 2281 in
590 2232 627 2281 re
648 2232 736 2306 opus
762 2233 837 2282 essa
860 2210 1038 2284 viderunt:
1064 2234 1129 2283 neo
1151 2210 1303 2309 prolecto
1329 2212 1485 2297 deluere,
1509 2211 1571 2308 qui
1592 2210 1628 2283 in
1649 2210 1753 2283 rebus
1777 2210 1822 2284 ad

230 2370 234 2391 ·
302 2328 369 2403 Dei
397 2326 628 2425 coguitionem
665 2325 935 2424 religionemque
970 2326 1222 2424 pertinentibus
1252 2327 1382 2401 nullius
1417 2327 1620 2402 auctoritate
1658 2327 1822 2401 standum

301 2472 396 2536 esse,
421 2455 483 2520 aut
508 2452 600 2519 certe
627 2468 689 2542 per
714 2444 821 2521 fidem
843 2446 889 2521 ad
917 2446 1130 2521 intellectum
1154 2447 1444 2547 progrediendum
1475 2472 1550 2521 esse
1575 2447 1820 2524 existimarent.

301 2568 378 2642 Hos
402 2589 540 2652 omnes,
566 2565 790 2662 quantumvis
811 2573 963 2641 ceterum
984 2566 1075 2640 inter
1098 2590 1134 2641 se
1158 2566 1410 2667 discrepantes,
1435 2566 1601 2641 hactenus
1625 2567 1822 2654 convenire,

303 2695 343 2761 ut
368 2710 506 2761 omnem
534 2684 739 2783 cognitionis
778 2686 957 2762 materiem
988 2688 1147 2763 sensibus
1185 2688 1298 2762 inesse
1323 2695 1471 2787 negent,
1504 2688 1727 2763 manifestum
1759 2698 1821 2761 est.

302 2807 508 2907 Theologiae
531 2814 666 2896 autem,
699 2832 805 2907 quarn
840 2807 980 2896 dicunt,
1015 2809 1183 2897 naturali,
1211 2830 1327 2883 rerum
1351 2834 1455 2882 sensu
1481 2815 1623 2882 externo
1647 2807 1823 2882 internove

303 2927 599 3029 percipiendarum
623 2952 764 3003 causam
793 2926 988 3003 absolutam
1016 2930 1215 3029 quaerenti,
1240 2929 1398 3003 nonnulli
1419 2934 1656 3028 opposuerunt
1679 2927 1823 3001 Theolo·
1918 2951 1922 2960 ’

219 3045 222 3051 ’
303 3049 397 3149 pam
425 3047 668 3148 speculativam
698 3048 771 3124 sive
807 3048 1018 3125 rationalem.
1070 3050 1254 3125 Rationem
1279 3074 1404 3148 nempe
1437 3050 1487 3124 illi
1513 3047 1756 3123 disiunrarunt
1779 3046 1823 3121 ab

302 3169 491 3244 intellectu.
528 3168 623 3242 Huic
642 3168 877 3244 attribuerunt
894 3195 1008 3244 rerum
1027 3169 1204 3265 finitarum
1228 3169 1501 3258 distinctionem,
1520 3193 1667 3266 eamque
1687 3166 1825 3241 illarum

303 3288 556 3388 cognitionem,
582 3295 623 3362 ut
647 3315 717 3388 quo
744 3290 864 3365 ordine
886 3293 956 3365 sint
978 3291 1181 3389 dispositae,
1207 3291 1390 3389 quainter
1414 3315 1450 3364 sa
1473 3289 1676 3363 cohaereant
1698 3287 1824 3374 modo,

232 3466 234 3475 .
304 3434 448 3508 seseque
476 3408 752 3507 subsequantur,
783 3410 1036 3510 intelligamus:
1062 3410 1131 3498 illi,
1172 3411 1302 3509 quippe
1328 3409 1457 3484 summi
1480 3407 1633 3482 numinis
1660 3405 1825 3504 imagini,

306 3529 542 3604 sublimiorem
576 3530 797 3628 assignarunt
824 3530 1021 3618 seientiam,
1046 3554 1115 3604 non
1147 3530 1293 3629 singulis
1319 3529 1574 3629 perscrutandis
1602 3526 1825 3626 acquisitam,

306 3651 366 3724 sed
388 3674 430 3724 ex
453 3648 563 3747 ipsius
594 3649 669 3724 luce
696 3660 845 3726 enatam.
884 3649 953 3723 His
972 3650 1115 3748 quidem
1139 3675 1207 3723 non
1232 3656 1315 3724 sunt
1336 3648 1607 3734 annumerandi,
1632 3647 1694 3746 qui
1716 3645 1827 3720 notio·

304 3792 366 3843 nes
399 3769 509 3856 entis,
546 3769 669 3859 unius,
703 3769 877 3858 eiusdem,
915 3769 1147 3858 substantiae,
1181 3795 1305 3845 causae
1328 3774 1364 3843 e't
1387 3766 1628 3841 huiuscemodi
1653 3766 1757 3855 alias,
1783 3764 1828 3839 ud

307 3889 512 3986 cognitionis
534 3888 680 3965 formam
701 3899 913 3988 spectantes,
934 3915 1014 3965 cum
1036 3913 1223 3965 nuraurrro
1245 3890 1407 3988 aliisque,
1427 3888 1536 3962 menti
1553 3887 1621 3986 ipsi
1641 3884 1826 3961 vindicant.

308 4008 378 4081 Sed
407 4010 548 4108 propius
575 4011 620 4084 ad
646 4011 870 4099 seutentiam,
897 4035 1001 4110 quam
1024 4001 1356 4098 commemorabam,
1381 4009 1513 4084 accedit
1541 4032 1647 4083 novae
1673 4007 1827 4081 Philoso-

306 4127 408 4226 phiae
440 4154 565 4228 parens
593 4115 801 4206 cnarasius.
852 4131 941 4220 Hic,
976 4156 1086 4229 quum
1113 4131 1229 4206 animo
1255 4131 1292 4204 in
1321 4155 1357 4204 se
1382 4154 1545 4204 converso
1576 4129 1667 4203 inter
1698 4135 1829 4202 ceteras

305 4247 401 4322 ideas
426 4248 494 4323 sibi
519 4249 641 4325 insitas
669 4250 855 4326 invenisset
879 4250 971 4337 illam
984 4309 993 4338 ,
1033 4274 1122 4349 quae
1156 4249 1387 4324 substantiam
1415 4250 1602 4348 quamdam
1634 4247 1826 4335 infinitam,

308 4367 619 4468 independentam,
645 4396 780 4445 summe
802 4370 1063 4470 intelligentem
1083 4394 1288 4468 summeque
1311 4378 1507 4467 potentem,
1531 4368 1688 4450 omnium
1712 4393 1827 4442 rerum

307 4492 493 4560 creatorem
517 4486 712 4576 exhiberet,
736 4488 824 4563 hanc
843 4487 980 4562 nonnisi
1000 4514 1020 4562 a
1042 4489 1117 4563 Deo
1138 4489 1213 4586 ipso
1234 4488 1403 4587 proficisci
1422 4488 1575 4586 potuisse
1597 4488 1830 4563 demonstrare

308 4611 453 4679 conatus
476 4615 545 4680 est:
569 4631 633 4681 nac
654 4607 814 4683 dissimili
838 4609 941 4683 modo
960 4608 1152 4684 ratiocinati
1174 4617 1276 4697 sunt,
1301 4608 1363 4707 qui
1380 4609 1638 4715 Philosophiam
1661 4632 1828 4683 chanaan

307 4723 510 4822 probabant.
562 4727 700 4803 Animis
724 4723 841 4803 eorum
869 4727 1114 4806 obversabatur
1146 4729 1241 4828 quod
1265 4738 1385 4828 postea
1415 4753 1583 4804 caarnsrr
1606 4729 1829 4804 admiratores

308 4843 523 4944 explicarunt
541 4845 704 4940 dicendo,
724 4849 891 4925 rationem
912 4858 1084 4941 nostram,
1107 4851 1163 4926 cui
1182 4849 1291 4925 insint
1310 4851 1412 4951 spatii
1431 4850 1665 4951 temporisque
1685 4846 1828 4934 infiniti,

1590 4973 1612 5044 2
