4959 6175
905 650 1184 754 οιιιιο.
1763 684 1805 749 21

286 894 458 985 bonitate,
483 894 587 971 alacri
619 893 776 971 discendi
806 894 923 971 studio
955 903 991 971 et
1015 894 1150 972 eximiis
1174 896 1211 971 in
1237 893 1345 971 literis
1368 890 1628 995 disciplinisque
1647 914 1803 991 progres-

287 1015 403 1105 sibus,
422 1014 632 1092 Academiae
646 1014 736 1091 cives
753 1014 841 1091 mira
856 1015 1018 1092 comitate
1033 1025 1069 1092 et
1086 1015 1317 1105 humanitate,
1335 1038 1458 1090 omnes
1470 1035 1607 1089 morum
1625 1011 1804 1088 honestate
1825 1058 1828 1064 ·

284 1136 462 1239 animique
485 1136 622 1212 virtute.
671 1136 938 1235 Praeceptorum
972 1160 1016 1211 ex
1049 1145 1167 1211 nostro
1199 1135 1415 1212 ordinatam
1437 1133 1687 1221 honorificum,
1721 1154 1805 1208 oum
1900 1143 1908 1163 '

286 1256 332 1332 de
358 1256 454 1332 omni
479 1256 549 1331 vita
570 1254 665 1344 eius,
689 1260 767 1329 tum
794 1253 837 1329 de
862 1255 1007 1345 studiis,
1040 1255 1109 1330 luit
1131 1256 1317 1344 iudicium,
1351 1262 1392 1330 ut
1423 1254 1591 1331 suadente
1612 1250 1804 1327 ·Facultete

284 1376 429 1451 iuridica
450 1376 599 1449 Senatus
611 1373 839 1450 academicus
862 1375 1020 1450 unanimi
1043 1399 1214 1452 consensu
1234 1376 1463 1451 Doctoratum
1484 1373 1570 1449 iuris
1597 1371 1747 1448 Romani
1768 1379 1805 1462 et

284 1494 458 1584 hodierni,
492 1494 631 1569 honoris
657 1518 781 1583 causa,
807 1494 839 1568 ei
872 1495 1069 1571 decerneret
1075 1529 1084 1585 ;
1117 1520 1224 1595 quem
1249 1495 1416 1571 honorem
1439 1518 1502 1595 pro
1530 1517 1594 1569 suo
1625 1493 1805 1567 literarum

283 1640 399 1690 amore
423 1613 548 1690 lubens
573 1615 714 1715 accepit.
765 1615 843 1689 Rex
878 1623 997 1690 autem
1023 1616 1125 1715 quale
1149 1615 1320 1691 iudicium
1342 1615 1447 1691 ferret
1479 1614 1523 1689 de
1550 1613 1614 1702 iis,
1646 1612 1710 1711 qui
1742 1610 1807 1689 filii

283 1734 409 1811 studiis
431 1734 597 1836 praefecti
621 1734 788 1825 fuissent,
820 1734 936 1835 palam
962 1734 1064 1825 fecit,
1097 1760 1209 1835 quum
1238 1736 1408 1834 equestris
1432 1728 1563 1810 ordinis
1593 1732 1744 1833 insignia
1769 1740 1807 1806 et

282 1852 403 1931 ceteris
425 1854 707 1955 praeceptoribus
732 1862 768 1929 et
794 1854 837 1929 iis
861 1856 1081 1955 praesertim,
1115 1855 1177 1954 qui
1198 1854 1235 1929 in
1261 1854 1469 1955 collegarum
1490 1860 1687 1929 nostrorum
1722 1858 1806 1926 sunt

283 1998 446 2063 numero,
472 1974 627 2051 donaret.
677 1974 855 2063 Honores,
879 1974 943 2049 viri
966 1974 1165 2064 clarissimi,
1191 1974 1254 2073 qni
1277 1974 1314 2048 in
1345 1998 1406 2050 vos
1430 1972 1545 2049 collati
1570 1978 1673 2061 sunt,
1707 1970 1805 2046 vohis

285 2096 511 2195 gratulamur.
560 2095 779 2171 Documento
804 2102 886 2169 sunt
905 2094 984 2183 illa,
1009 2095 1132 2193 quanti
1155 2095 1232 2169 Rex
1262 2093 1494 2169 aestimaverit
1514 2093 1628 2169 filium
1655 2091 1804 2167 dilectis

284 2215 435 2303 simum,
463 2214 580 2313 Regni
602 2214 800 2301 haeredem,
825 2212 926 2287 bonis
949 2214 1160 2288 instructum
1183 2237 1259 2288 esse
1290 2212 1440 2301 ertibras,
1472 2213 1663 2347 quantique
1687 2211 1807 2286 lecerit

283 2332 423 2432 operam
449 2341 599 2408 vestram
626 2330 723 2406 hac
712 2356 749 2404 ιιι
780 2354 818 2403 re
845 2330 1055 2429 praestitam.
1106 2331 1185 2406 Hoc
1208 2338 1326 2406 autem
1356 2338 1438 2407 ante
1463 2331 1581 2407 omnia
1607 2329 1705 2405 vohis
1728 2355 1806 2429 gre·

282 2453 455 2540 tulamur,
479 2450 665 2549 contigisse
698 2448 816 2537 nobb,
848 2455 888 2523 ut
919 2473 1002 2524 eura
1033 2456 1146 2524 vestra
1179 2458 1215 2524 et
1246 2448 1419 2525 industria
1424 2447 1628 2549 prodesses
1653 2447 1806 2618 Principi

229 2668 230 2672 Ἴ
282 2570 383 2647 nobis
403 2568 569 2645 omnibns
592 2568 768 2644 carissimo
792 2574 899 2668 atque
923 2568 1010 2645 adeo
1034 2567 1164 2668 patriae
1191 2567 1379 2647 universae.

288 2693 451 2770 Quam
474 2690 597 2765 vellem
630 2697 710 2789 post
733 2688 823 2765 laeta
856 2688 940 2765 haec
974 2688 1073 2763 silere
1097 2712 1255 2789 possem,
1290 2691 1385 2789 quod
1415 2714 1511 2767 nunc
1541 2712 1807 2765 commemorare

284 2811 413 2901 debeo,
446 2834 511 2886 nec
537 2809 611 2884 sine
643 2809 740 2909 gravi
766 2810 873 2886 animi
906 2810 1022 2885 dolore
1057 2810 1228 2910 attingere
1261 2834 1415 2911 possum.
1464 2810 1712 2886 Nobilissimus
1731 2830 1806 2883 ιιι

284 2953 629 3023 ιιιιιιιιιιιιιιιιι,
653 2930 802 3005 civitatis
825 2929 1006 3005 Ieidensis
1026 2930 1160 3007 Consul
1179 2937 1215 3005 et
1240 2930 1451 3006 Ouratomm
1472 2930 1578 3006 huius
1597 2929 1808 3005 Academiae
1958 2975 1961 2987 ·

173 3073 176 3079 ·
284 3050 428 3152 collegio
444 3050 666 3150 adscriptus,
690 3049 799 3126 flebili
822 3058 932 3127 morte
957 3049 1059 3145 nobis
1081 3057 1221 3152 ereptus
1241 3058 1306 3130 cst.
1339 3052 1482 3152 Lugent
1502 3051 1675 3152 optimum
1694 3050 1808 3126 rhum

285 3171 361 3260 sui,
397 3169 525 3269 quibus
560 3176 633 3246 erat
669 3169 886 3260 carissimum
920 3170 1043 3271 lugent
1076 3170 1171 3246 urbis
1199 3171 1478 3307 Academiaeque
1511 3171 1621 3261 cives,
1656 3189 1806 3270 quorum

284 3290 536 3367 observantiam
558 3315 781 3390 amoremque
807 3289 874 3366 sibi
899 3290 1138 3373 conciliaverat
1169 3291 1277 3367 animi
1309 3292 1508 3392 integritate
1533 3300 1570 3367 et
1591 3291 1807 3428 benignitate

283 3412 391 3547 inque
412 3410 564 3487 muneris
590 3410 885 3488 administratione
908 3411 1088 3510 diligentia
1108 3418 1144 3486 et
1165 3411 1341 3512 religione.
1391 3412 1585 3549 Egregii
1555 3412 1618 3487 vrri
1640 3411 1805 3487 memoria

284 3533 321 3607 in
347 3532 472 3609 animis
496 3532 623 3609 nostris
647 3533 788 3632 vigebit.
1804 3561 1808 3569 ·

333 3652 457 3753 Nuper
493 3652 609 3752 subita
647 3660 758 3729 morte
793 3640 906 3754 patria
939 3655 1056 3731 amisit
1091 3679 1231 3755 quoque
1269 3657 1382 3732 ιίιιιιιι
1419 3654 1691 3731 illustrissimum
1729 3673 1804 3725 ιιι

287 3796 414 3850 auron
439 3797 514 3848 ιιι
539 3796 588 3848 nn
611 3797 738 3862 arnor,
772 3774 816 3849 de
847 3775 1024 3875 republica
1058 3775 1201 3851 diversis
1234 3776 1438 3851 muneribus
1464 3773 1635 3852 obeundis
1657 3782 1694 3848 et
1722 3796 1805 3847 cura

288 3891 391 3968 etiam
409 3892 569 3993 publicae
585 3893 775 3970 iuventutis
792 3894 1020 3971 institutionis
1036 3882 1172 3995 agenda
1188 3896 1459 3972 meritissimum.
1485 3896 1583 3970 Inter
1596 3893 1804 3969 Academiae

288 4012 393 4088 huius
414 4013 597 4090 Curatores
615 4014 745 4090 relatus
767 4037 830 4114 per
848 4015 981 4114 aliquot
1005 4039 1113 4091 annos
1139 4015 1263 4091 utilem
1294 4016 1328 4092 ei
1349 4040 1490 4117 operam
1513 4015 1669 4102 navavit,
1695 4013 1805 4088 donec

288 4131 410 4207 astans
432 4157 535 4209 causa
555 4147 741 4209 muncrum
764 4135 938 4210 vacatione
961 4135 1144 4235 impetrata
1168 4136 1395 4213 Ultraiectum
1417 4135 1595 4211 concessit.
1636 4133 1805 4208 Delemna

287 4250 381 4326 illius
403 4251 499 4327 mbis
522 4252 730 4328 Academiae
749 4275 818 4328 non
841 4251 978 4327 lmuisse
1002 4253 1134 4327 diutius
1152 4252 1223 4328 frui
1252 4278 1353 4342 cura,
1389 4277 1496 4352 quam
1520 4252 1572 4326 vir
1593 4250 1748 4326 doctrina
1768 4256 1806 4326 et

288 4371 419 4472 ingenii
443 4372 585 4448 dotibus
609 4357 785 4471 animique
807 4371 932 4446 virtute
956 4371 1082 4471 pariter
1105 4371 1252 4472 insignis
1272 4381 1479 4472 susceperat.
1605 4403 1609 4410 ·

338 4491 429 4594 Regi
457 4492 708 4593 augustissimo
738 4492 886 4590 gratiam
910 4491 1096 4581 dommus,
1131 4491 1226 4591 quod
1259 4492 1445 4591 inlocum
1471 4489 1697 4566 illustrissimi
1730 4513 1806 4566 ιιι

290 4636 457 4690 armanno
479 4636 617 4689 srraun
638 4619 748 4688 morte
772 4617 951 4687 vacantem
970 4610 1153 4688 substituit
1169 4634 1360 4687 naumann
1380 4634 1539 4688 rrnaonn
1560 4633 1805 4701 strenuam,

291 4731 404 4808 virum
426 4732 699 4833 amplissimum,
719 4731 829 4808 civem
848 4739 1021 4822 nosuum,
1044 4732 1255 4809 Academiae
1273 4739 1409 4809 nostrae
1429 4731 1605 4834 quondam
1623 4731 1806 4807 alumnum

290 4851 478 4942 eximium,
501 4850 678 4928 literarum
706 4875 822 4928 amore
848 4851 1091 4952 doctrinaeque
1123 4851 1226 4930 laude
1254 4852 1440 4954 insignem.
1487 4854 1543 4930 De
1567 4875 1730 4940 munere,
1753 4852 1806 4924 vir
