4959 6175
884 735 1162 806 onur10.
1740 733 1783 802 87

265 952 377 1021 tratas
398 944 596 1021 dicebatur:
646 947 912 1028 Adaioutrator
933 949 1181 1038 Institutiooia,
1197 947 1333 1021 Artium
1351 952 1388 1020 et
1407 945 1647 1020 Doctrinarum
1666 965 1782 1018 conso.

263 1066 348 1140 Fuit
370 1072 489 1140 autem
513 1089 714 1143 nurcrrns.
763 1068 882 1168 Atque
903 1069 1048 1144 hicnon
1072 1091 1210 1157 vereor,
1234 1065 1440 1142 Auditoresl
1464 1089 1510 1140 ne
1532 1062 1612 1163 quis
1632 1069 1785 1136 vestrum

264 1209 287 1260 a
317 1209 377 1260 me
409 1185 610 1275 dissentiat,
640 1194 833 1264 statuente:
872 1189 1047 1289 cognitam
1077 1195 1362 1289 perspectamque
1392 1185 1497 1260 huius
1532 1183 1596 1258 viri
1626 1181 1784 1282 peritiam

267 1305 451 1404 peculiaris
474 1305 646 1382 eiusmodi
667 1315 704 1381 et
725 1308 799 1382 suia
818 1308 948 1384 viribus
969 1309 1070 1384 nixae
1091 1305 1399 1384 administrationis
1419 1304 1529 1404 Regi,
1553 1302 1652 1380 cuius
1674 1301 1787 1402 gratia

267 1425 328 1500 illa
356 1449 562 1526 magnopere
592 1426 759 1516 florebat,
788 1427 1106 1504 commendaturum
1139 1427 1247 1502 fuisse
1278 1425 1383 1500 buius
1408 1421 1562 1499 muneris
1589 1421 1785 1496 utilitatem.

268 1545 376 1624 Quod
408 1569 492 1620 saue
512 1569 554 1620 eo
580 1545 759 1624 lubentius
782 1562 804 1622 a
830 1548 929 1648 Rege
952 1547 1155 1622 institutum
1180 1569 1256 1622 esse
1287 1545 1450 1632 arbitror,
1477 1541 1659 1643 quoniam,
1684 1540 1785 1639 quid·

266 1665 354 1764 quid
386 1689 540 1740 errorum
571 1665 655 1741 huic
683 1667 836 1766 Principi
859 1667 935 1743 iure
957 1666 1138 1756 obiicitur,
1162 1691 1244 1742 eum
1269 1663 1385 1742 studio
1411 1662 1531 1763 populi
1552 1658 1730 1736 excolendi
1752 1669 1789 1733 et

267 1784 378 1884 pulcri
400 1808 519 1861 amore
542 1785 725 1862 imbuendi
748 1786 876 1861 eximio
897 1786 1005 1862 iubae
1028 1795 1174 1862 constat.

316 1906 544 1982 Pervenimus
562 1906 608 1982 cd
626 1906 716 1984 vitae
737 1907 965 2007 Ewyckianae
981 1918 1115 2007 partem
1135 1907 1373 2008 gravissimam
1394 1912 1430 1980 et
1450 1901 1763 1979 laboriosissimam.

317 2026 452 2101 Ardere
485 2027 637 2126 flagrans
659 2027 927 2126 pulcherrimae,
951 2052 1041 2127 quae
1061 2028 1095 2104 ei
1118 2029 1283 2104 mandate
1311 2033 1405 2113 erat,
1429 2024 1479 2098 rei
1507 2023 1572 2098 rite
1596 2023 1787 2110 curandae,

268 2145 408 2244 ingenio
437 2145 616 2245 praeditus
645 2148 833 2247 perspicaci
858 2157 1104 2249 accuratacque
1130 2129 1291 2224 scientiae
1318 2145 1480 2222 varietate
1505 2143 1692 2232 excellens,
1718 2143 1787 2218 sin·

268 2264 381 2364 galeri
413 2265 600 2364 prudentia
630 2272 668 2339 et
697 2266 768 2340 fide
801 2267 982 2342 commoda
1012 2267 1213 2367 explorabat
1250 2274 1287 2342 et
1315 2264 1538 2366 promovebat
1562 2263 1789 2339 institutionis

269 2394 341 2460 tam
368 2385 537 2460 inferioris
562 2409 667 2485 quam
693 2387 888 2485 superioria.
937 2390 1177 2488 Quaecunque
1198 2388 1236 2462 in
1258 2385 1459 2488 regionibus
1475 2383 1600 2458 exteris
1619 2381 1790 2483 sapienter

270 2504 463 2604 excogitata
479 2529 593 2605 neque
607 2503 719 2580 aliena
732 2514 831 2581 erant
847 2507 1084 2582 anostretium
1103 2507 1275 2596 moribus,
1288 2507 1357 2581 buc
1369 2503 1672 2581 transferebantur.
1707 2503 1790 2602 lpso

271 2649 408 2700 auaaore
432 2624 659 2703 saluberrima
676 2634 753 2702 tum
769 2627 907 2705 decmta
922 2627 1073 2716 debant,
1092 2636 1169 2704 tum
1185 2629 1347 2703 instituta
1364 2623 1559 2725 prodibant.
1585 2621 1679 2700 Hinc
1695 2646 1789 2698 sum·

269 2768 362 2819 mam
378 2743 476 2842 apud
492 2743 666 2843 optimum
681 2768 857 2847 quemque
872 2747 1019 2848 gratiam
1034 2746 1114 2822 iniit
1130 2755 1167 2822 et
1184 2753 1329 2822 mustus
1342 2747 1394 2821 illi
1407 2744 1539 2821 assidui
1553 2744 1670 2820 cultus
1684 2751 1788 2842 atque

269 2863 498 2940 humanitatis
518 2865 699 2963 augendae
720 2865 759 2941 in
785 2891 903 2945 eorum
927 2891 986 2942 ore
1011 2874 1122 2942 erant.
1170 2866 1439 2942 Verumtamen
1460 2865 1498 2940 in
1517 2864 1582 2940 hac
1604 2863 1681 2962 ipsa
1700 2862 1792 2962 grati

270 2983 381 3058 animi
416 2982 663 3082 significatione
695 3009 767 3062 non
798 2987 941 3064 deerant
970 3011 1070 3064 voces
1099 2994 1220 3063 contra
1252 2985 1487 3062 sentientium.
1545 2985 1620 3060 Nec
1651 2984 1789 3059 mirum.

270 3102 330 3178 lili
366 3105 460 3179 enim
492 3130 638 3205 quornm
668 3106 833 3183 intererat
858 3106 1073 3207 ignorantiae
1098 3104 1260 3183 tenebras
1286 3106 1383 3182 haud
1408 3104 1509 3206 pelli,
1533 3128 1604 3180 nou
1632 3111 1792 3203 poteraut

271 3247 349 3308 nou
378 3224 454 3299 eius
481 3226 631 3301 consiliis
656 3227 838 3303 adremari.
897 3226 1057 3303 Primum
1086 3227 1229 3327 siquid
1256 3226 1479 3303 dissensionis
1509 3235 1570 3301 aut
1595 3224 1790 3301 inimicitia·

268 3364 349 3415 rum
371 3352 463 3432 erat,
496 3344 541 3419 ad
564 3368 756 3444 paucorum
781 3345 940 3422 notitiam
961 3346 1199 3447 perveniebat,
1223 3347 1286 3421 sed
1317 3346 1446 3421 sensim
1471 3344 1559 3420 illud
1588 3344 1681 3419 ionas
1710 3368 1788 3443 pro·

269 3460 368 3535 dibat
388 3468 425 3536 et
448 3465 606 3562 gravium
637 3466 881 3543 difficultatum
911 3466 990 3543 iona
1018 3475 1103 3543 erat.
1151 3468 1349 3543 Ewronna
1379 3465 1449 3541 mm
1480 3464 1542 3541 diu
1572 3464 1788 3565 intelligens,

269 3580 385 3679 ignem
421 3580 542 3658 doloso
573 3582 641 3659 sub
671 3586 786 3662 cinere
814 3586 940 3676 latere,
973 3596 1129 3687 tempora
1159 3588 1333 3687 postulare
1361 3585 1542 3675 censebat,
1576 3584 1790 3661 uicinitatis
1935 3602 1939 3609 ·

271 3700 519 3800 gubernatores
540 3705 699 3781 nonnihil
721 3707 766 3782 de
792 3708 866 3798 via,
899 3732 1005 3807 quam
1036 3708 1203 3796 inierant,
1233 3707 1448 3784 decederent.
1499 3708 1723 3805 Quamquam
1751 3705 1787 3779 in

272 3820 391 3898 multis
411 3822 622 3901 dissentionis
641 3852 665 3901 a
678 3826 762 3902 Viro
777 3827 1076 3904 Excellentissimo
1095 3850 1171 3903 vau
1191 3850 1364 3916 mannan,
1388 3826 1496 3927 Regis
1511 3848 1627 3901 rorum
1645 3824 1788 3899 iudicis·

272 3940 356 4017 lium
390 3944 583 4043 praefecto,
617 3947 656 4020 in
683 3948 958 4048 reprehensionis
990 3955 1127 4037 tamen,
1161 3972 1232 4048 qua
1263 3948 1319 4025 hic
1343 3972 1366 4023 a
1389 3946 1502 4046 Belgii
1526 3945 1693 4045 delegatis
1716 3945 1790 4045 peti

272 4062 422 4151 solebat,
456 4067 735 4142 communionem
767 4068 871 4144 venit.
922 4067 1162 4167 Omniumque
1199 4067 1350 4144 maxime
1380 4067 1448 4155 illi,
1485 4065 1614 4165 quibus
1653 4066 1790 4141 decmta
1927 4086 1931 4093 ·

272 4181 483 4259 clericorum
514 4186 677 4263 medullis
706 4188 814 4265 infixa
836 4195 951 4277 erant,
975 4186 1263 4287 indignabantur,
1287 4210 1406 4263 curam
1428 4186 1657 4261 institutionis
1679 4208 1788 4285 popu·

273 4301 351 4377 laria
384 4328 461 4379 esse
492 4330 599 4404 penes
635 4308 747 4385 uirum
772 4310 874 4385 oritis
900 4296 1200 4384 Nederlandorum
1226 4306 1382 4383 moribus
1415 4305 1609 4406 praeditum
1645 4306 1789 4405 aliisque

273 4422 375 4497 sacris
397 4424 596 4516 addictum,
628 4428 695 4503 etsi
717 4430 920 4529 opinionum
946 4430 990 4505 da
1015 4426 1121 4503 rebus
1143 4428 1247 4503 sacris
1272 4426 1522 4503 dimendouem
1546 4450 1608 4514 aa,
1632 4450 1704 4525 qua
1728 4450 1791 4525 par

273 4550 360 4631 erat,
384 4544 556 4643 sapientia
577 4547 754 4627 ferentem
1437 4644 1440 4655 ι

321 4663 448 4763 Neque
468 4674 585 4742 tamen
610 4667 696 4744 haec
715 4670 837 4747 ideoa
863 4694 923 4747 me
942 4676 1209 4747 commemorata
1233 4674 1334 4759 aunt,
1366 4676 1407 4745 ut
1433 4667 1583 4744 civitatis
1616 4667 1788 4767 guberna·

273 4790 361 4859 tores
394 4786 440 4861 ab
473 4792 570 4863 omni
601 4790 744 4865 omnino
775 4789 969 4891 suspicione
994 4814 1149 4867 errorum
1177 4798 1254 4865 tum
1276 4790 1313 4864 in
1339 4789 1416 4865 aliis
1437 4789 1543 4865 rebus
1565 4788 1789 4890 procurandis

273 4911 346 4981 tum
365 4906 402 4980 in
421 4908 613 4985 ordinanda
630 4910 849 4987 institutione
868 4920 994 4987 tuerer.
1034 4911 1165 4989 Coum
1188 4936 1228 4987 se
1246 4934 1303 4987 res
1320 4910 1435 4999 babet
1475 4912 1522 4987 Et
1549 4910 1594 4985 de
1619 4930 1786 4983 nwrcxro
