4959 6175
879 694 1156 768 ORATIO.
1736 694 1779 768 39

268 907 359 984 Mihi
384 906 442 983 illa
465 932 538 997 res,
564 934 585 985 a
614 908 716 985 bonis
743 908 850 984 initiis
874 910 1044 1009 prolecta,
1080 910 1187 984 malos
1210 914 1355 983 eventus
1379 905 1541 982 habuisse
1568 906 1723 994 videtur,
1749 918 1785 983 et

270 1028 378 1111 literis
411 1026 496 1128 ipsis
520 1028 612 1105 recte
643 1030 795 1106 colendis
826 1030 1045 1105 vehementer
1066 1030 1234 1105 nocuisse.
1285 1030 1366 1104 Non
1389 1037 1443 1103 est
1466 1026 1562 1101 istud
1588 1026 1784 1101 studiorum

269 1148 383 1249 vigor,
420 1150 481 1223 sed
513 1150 668 1249 capitalis
695 1150 819 1249 pestis,
855 1148 917 1223 ubi
942 1149 1202 1223 vanissimorum
1238 1148 1418 1224 hominum
1448 1131 1609 1246 ingenia,
1634 1145 1786 1245 quodam

269 1269 364 1344 velut
387 1269 559 1344 scribendi
581 1269 716 1369 pruritu
740 1268 886 1368 agitata,
913 1268 977 1342 hoc
1006 1293 1077 1343 uno
1098 1268 1239 1343 consilio
1261 1292 1335 1342 sese
1359 1275 1554 1357 ostentant,
1580 1276 1621 1340 ut
1638 1265 1787 1365 captatis

269 1387 521 1461 blandientium
557 1388 742 1461 amicorum
782 1388 963 1476 laudibus,
1002 1396 1100 1462 tanto
1134 1388 1214 1486 plus
1252 1387 1402 1463 habeant
1438 1389 1532 1487 quod
1567 1388 1634 1463 sibi
1668 1410 1786 1485 mpero

270 1506 470 1593 videantur,
496 1515 627 1604 quanto
655 1507 771 1582 minus
805 1507 1022 1607 intellegunt.
1073 1508 1156 1583 Huc
1189 1507 1283 1581 enim
1316 1507 1490 1582 duxerunt
1523 1508 1601 1582 illae
1627 1533 1648 1582 a
1673 1507 1787 1581 Plinio

270 1618 530 1699 commendatae
558 1625 794 1713 recitationes,
818 1625 871 1699 vel
894 1625 1011 1725 potius
1035 1626 1302 1713 ostentationes,
1330 1626 1418 1701 duos
1439 1627 1614 1702 interdurn
1635 1635 1697 1701 aut
1718 1636 1788 1701 tres

188 1824 190 1827 ,
271 1743 345 1818 dies
376 1743 612 1832 continuatae,
650 1770 770 1819 eorum
805 1748 956 1820 maxime
991 1746 1172 1846 precibus,
1208 1746 1268 1845 qui
1306 1747 1541 1844 quamtumvis
1575 1746 1789 1821 clamitarent

265 1864 431 1961 pulchre!
457 1864 560 1938 derret
584 1868 699 1939 recte!
734 1865 959 1963 quantamvis
991 1866 1233 1964 pallescerent,
1270 1865 1437 1939 stillarent
1461 1865 1581 1940 amicis
1615 1890 1658 1939 ex
1682 1865 1791 1939 oculis

271 2006 401 2071 rorem,
428 1982 583 2072 salirent,
608 1982 795 2059 tunderent
820 1985 908 2083 pede
941 1993 1088 2075 terram,
1122 1985 1287 2060 stolidum
1315 1986 1530 2060 recitatorem
1554 1986 1792 2061 obmutescere

272 2101 351 2175 ilico
377 2102 574 2201 cupiebant.
624 2104 680 2178 lta
703 2104 885 2178 videbatur

715 2289 831 2351 Derisor
851 2310 917 2351 voro
937 2292 997 2371 plus
1017 2289 1159 2352 laudatore
1177 2290 1284 2351 morari
1299 2290 1346 2372 ¹⁴).

325 2454 450 2528 Poetas
481 2454 551 2527 iam
581 2437 685 2527 ceteri
718 2454 900 2554 scriptores
925 2454 1115 2556 excipiant,
1149 2458 1210 2556 qui
1237 2458 1384 2532 Traiano
1408 2459 1621 2555 Imperatore
1644 2458 1795 2532 maxime

274 2573 518 2649 inclaruerunt.
569 2574 730 2650 Quorum
750 2573 905 2672 primum
930 2600 1038 2673 quum
1064 2577 1211 2653 excitem
1236 2600 1377 2652 raarmr
1405 2600 1697 2667 correcturarum,
1725 2602 1796 2651 non

276 2692 386 2769 multo
410 2700 492 2767 anta
516 2694 563 2786 ¹⁵)
601 2692 684 2767 artis
722 2716 805 2768 suae
833 2704 1016 2795 praccepta
1050 2696 1125 2771 XII
1162 2700 1419 2777 Institutionum
1451 2701 1676 2773 oratoriarum
1701 2697 1797 2772 libris

276 2813 515 2912 complexum,
547 2836 617 2887 non
644 2820 697 2887 est
722 2812 866 2912 quidem
888 2812 926 2886 in
949 2813 1065 2888 animo
1091 2800 1378 2913 praestantissimi
1401 2816 1464 2890 viri
1498 2816 1619 2891 laudes
1650 2814 1797 2914 diligen·

277 2934 350 3007 tius
374 2934 551 3033 persequi,
577 2935 638 3009 sed
664 2933 783 3009 deberi
807 2934 900 3009 huno
927 2934 1041 3010 locum
1071 2934 1260 3009 clarissimo
1287 2934 1416 3009 rhetori
1439 2936 1603 3025 arbitror,
1629 2960 1672 3009 ex
1699 2934 1799 3009 cuius

280 3052 463 3154 disciplina
485 3054 599 3130 nescio
623 3078 667 3130 an
699 3054 843 3155 profecti
876 3054 946 3130 sint
976 3080 1095 3131 eorum
1129 3055 1306 3156 plerique,
1339 3056 1401 3156 qui
1424 3056 1549 3132 iisdem
1584 3054 1799 3155 temporibus

281 3173 477 3274 probabiles
500 3182 650 3251 oratores
671 3176 763 3250 inter
782 3177 958 3252 Romanos
976 3177 1199 3265 exstiterunt,
1224 3184 1287 3252 aut
1306 3176 1448 3249 omnino
1469 3176 1514 3249 de
1536 3175 1644 3249 literis
1665 3174 1799 3249 Latinis

280 3293 370 3368 bene
397 3301 480 3367 sunt
500 3295 625 3372 meriti.
675 3296 821 3371 Illorum
846 3303 983 3372 tantum
1006 3320 1076 3371 non
1099 3295 1256 3371 omnium
1276 3296 1513 3394 praetermitto
1533 3294 1691 3382 nomina,
1714 3318 1800 3391 quo·

279 3413 374 3488 niam
399 3413 444 3488 de
470 3414 605 3514 scriptis
632 3414 752 3491 siletur
773 3417 839 3509 ¹⁰);
866 3417 927 3491 sed
949 3441 1072 3492 annuo
1097 3438 1261 3492 aroanna
1286 3439 1421 3490 armonr
1448 3416 1504 3490 hic
1527 3438 1612 3490 suus
1636 3419 1708 3500 est,
1744 3411 1800 3486 hic

281 3531 421 3607 debitus
444 3533 550 3610 loeus.
600 3535 659 3610 Ab
686 3535 751 3610 hoo
776 3560 863 3610 num
888 3535 1048 3611 divellere
1068 3535 1147 3610 licet
1172 3535 1339 3610 eximium
1363 3535 1463 3611 illum
1485 3539 1533 3614 ‚st
1564 3541 1734 3610 oratorem
1765 3537 1801 3603 et

281 3637 442 3728 historiae
466 3653 666 3754 scriptorem
690 3677 797 3732 conr.
824 3657 1008 3732 cnosson?
1057 3657 1252 3756 Iungamur
1276 3654 1384 3754 igitur
1406 3653 1608 3753 pernobile
1631 3651 1800 3735 virorum,

283 3772 437 3872 quinon
463 3782 536 3849 tam
559 3774 699 3875 ingenio
725 3775 817 3850 inter
842 3801 879 3851 se
906 3776 1072 3851 simillimi
1104 3800 1211 3874 quam
1235 3774 1380 3862 studiis,
1403 3769 1801 3862 concordia,lamiliari·

283 3899 356 3966 tata
374 3899 410 3966 et
430 3893 500 3968 fide
524 3919 586 3994 per
615 3903 725 3970 totam
748 3896 855 3970 vitam
884 3896 1025 3971 luerunt
1052 3893 1334 3971 coniunctissimi.
1384 3892 1529 3968 Habent
1553 3890 1706 3992 protecto
1738 3912 1801 3963 sua

286 4019 433 4111 uterque
456 4013 557 4104 uitia,
581 4015 642 4090 scd
665 4015 852 4092 virtutibus
873 4015 984 4091 multo
1007 4014 1195 4091 maioribus
1215 4011 1353 4114 egregie
1374 4021 1605 4112 compensata.
1642 4012 1803 4090 Quarum

286 4131 429 4228 quidem
463 4134 623 4233 splendor
657 4136 694 4210 iu
733 4135 870 4224 Tacito,
907 4135 1014 4210 seculi
1046 4135 1100 4209 sui
1135 4134 1267 4209 lumine
1301 4141 1407 4232 atque
1443 4137 1645 4208 ornamento
1673 4124 1802 4228 praeci·

284 4274 375 4350 puo,
405 4251 455 4348 ita
487 4247 665 4330 oculorum
698 4255 919 4355 praestringit
949 4255 1077 4343 aciem,
1104 4261 1145 4328 ut
1170 4254 1245 4342 illa,
1271 4253 1300 4328 si
1321 4251 1498 4340 attendas,
1527 4273 1665 4325 cernere
1701 4271 1803 4347 aegre

286 4369 432 4445 videare.
493 4374 602 4452 Quod
643 4375 827 4474 pulchrum
866 4377 930 4465 sit,
972 4377 1066 4474 quod
1106 4375 1308 4461 honestum,
1351 4372 1447 4471 quod
1489 4395 1609 4446 rerum
1652 4369 1803 4444 iustum·

286 4513 355 4589 que
384 4493 519 4589 quaerit
552 4501 719 4594 uterque,
755 4502 892 4584 tuetur,
928 4503 1141 4596 propugnat,
1177 4492 1295 4568 studio
1326 4491 1469 4590 quidem
1498 4499 1535 4565 et
1560 4489 1679 4565 ardore
1711 4488 1803 4588 pari,

285 4609 349 4684 sed
375 4611 504 4711 dispari
527 4621 563 4688 et
587 4616 692 4691 modo
723 4623 759 4689 ct
795 4641 965 4693 successu.
1016 4615 1124 4714 Apud
1149 4614 1309 4690 Tacitum
1336 4611 1560 4687 coniunctum
1586 4609 1660 4684 fera
1687 4609 1804 4683 uideas

286 4729 458 4828 impetum
494 4732 594 4809 illum
618 4736 658 4812 C.
681 4735 828 4811 Gracchi
852 4759 933 4810 eum
964 4737 1005 4810 L.
1034 4734 1150 4808 Crassi
1173 4732 1371 4808 maturitate
1378 4765 1388 4822 ;
1419 4731 1525 4807 habet
1555 4728 1806 4831 propemodum

286 4848 421 4924 Plinius
446 4852 659 4931 calamistros
678 4857 719 4934 ¹at
739 4855 918 4932 cincinnos
942 4853 1155 4929 Maecenatis
1182 4853 1401 4953 tinnitusque
1424 4852 1603 4930 Gallionis.
1652 4851 1717 4924 Est
1740 4847 1806 4937 illi,
