4959 6175
679 666 721 733 10
1228 659 1254 736 l.
1290 668 1328 736 Η.
1363 668 1649 736 erumna

675 875 830 973 itemque
856 872 1004 963 ordinis,
1035 872 1137 963 boni,
1162 874 1367 975 pulchrique
1393 876 1545 951 absoluti
1571 876 1749 964 notiones,
1773 875 1880 965 rebus
1904 875 2014 951 linitis
2036 878 2200 955 omnibns

675 1019 750 1070 esse
775 994 1003 1093 superiorem,
1026 995 1211 1093 Deumque
1237 1018 1314 1071 esse
1339 996 1375 1070 in
1399 994 1519 1084 nobis,
1545 997 1592 1073 cb
1610 1004 1696 1093 φῶς
1715 997 1760 1071 τὸ
1783 994 1974 1088 ἀληθινὸν
1996 998 2019 1073 ὃ
2041 1001 2198 1093 perstas

674 1116 802 1193 πάντα
828 1114 1042 1215 ἄνθρωπον.
1092 1115 1229 1191 Natura
1251 1115 1319 1191 Dei
1342 1140 1540 1205 esnvnsro,
1565 1118 1628 1216 qni
1652 1140 1735 1191 eum
1760 1114 1892 1190 radone
1918 1115 2098 1216 cognitum
2124 1142 2199 1195 esse

674 1241 795 1333 putat,
820 1242 874 1308 est
895 1241 1122 1333 argumento,
1147 1235 1326 1312 veritatem
1346 1237 1448 1317 uobis
1469 1262 1544 1312 esse
1565 1236 1771 1337 patefactam
1781 1269 1792 1324 ς
1817 1243 1894 1311 tum
1917 1236 2060 1311 demum
2081 1246 2199 1313 autem

673 1379 792 1430 verum
817 1378 880 1430 nos
898 1354 1072 1455 percipere
1095 1355 1163 1445 ait,
1189 1381 1300 1455 quum
1321 1357 1407 1457 quid
1430 1357 1520 1433 clare
1541 1356 1772 1455 distincteque
1792 1355 2058 1456 perceperimus.
2093 1358 2200 1437 Quod

673 1499 783 1573 quum
808 1498 879 1549 non
902 1474 1005 1550 cadat
1028 1475 1067 1551 in
1091 1500 1148 1565 ea,
1184 1502 1275 1576 quae
1288 1477 1460 1561 ,sensibus
1488 1476 1676 1564 debemus,
1699 1498 1914 1575 consequens
1937 1483 2009 1565 est,
2033 1498 2197 1577 magnam

671 1618 788 1669 rerum
805 1594 1025 1695 physicarum
1042 1604 1177 1696 partem
1197 1598 1340 1678 scientia
1360 1597 1606 1697 comprehendi
1624 1621 1693 1671 non
1711 1619 1823 1695 posse
1854 1594 1983 1671 rPlane
2001 1597 2198 1695 profiteor,”

673 1715 804 1813 inquit,
833 1740 917 1789 rime
940 1716 1071 1791 nnllam
1106 1716 1207 1791 aliam
1240 1741 1354 1790 rerum
1389 1738 1628 1815 corporearum
1660 1714 1839 1790 materiem
1861 1738 2066 1814 agnoscere,
2092 1740 2198 1814 quam

675 1835 804 1909 uillam
818 1835 960 1909 omnino
983 1834 1207 1924 divisibilem,
1230 1835 1450 1933 figurabilem
1472 1842 1509 1909 et
1530 1834 1716 1923 mobilem,
1740 1858 1847 1934 quam
1868 1842 2064 1934 geometrae
2088 1860 2197 1935 quan·
2344 1847 2348 1853 “

674 1955 835 2029 utitatem
871 1962 994 2029 vocant
1029 1962 1064 2029 et
1098 1979 1160 2053 pro
1197 1954 1333 2029 obiecto
1372 1978 1515 2030 suarum
1547 1953 1883 2029 demonstrationum
1919 1963 2121 2043 assumunt,
2157 1980 2198 2030 ac

673 2074 786 2150 anihil
812 2075 913 2173 plane
942 2076 979 2149 in
1007 2075 1083 2175 ipsa
1108 2075 1324 2151 considerare
1344 2083 1480 2176 praeter
1502 2075 1588 2149 istas
1608 2074 1814 2165 divisiones,
1837 2076 1968 2174 figuras
1985 2083 2022 2148 et
2042 2076 2195 2150 motus?

669 2195 739 2269 Sed
765 2220 807 2269 ex
835 2194 918 2283 hac,
957 2218 1063 2293 quam
1098 2195 1165 2270 sihi
1196 2195 1457 2284 informaverat,
1490 2194 1705 2270 substantiae
1739 2219 1919 2294 corporeae
1950 2194 2091 2269 notione
2124 2194 2195 2269 effi·

668 2314 782 2390 ciebat
802 2314 888 2403 alie,
911 2313 1005 2388 velut
1023 2314 1159 2389 nullum
1178 2340 1253 2390 esse
1271 2315 1422 2415 spatium
1441 2338 1605 2405 vacuum,
1624 2314 1738 2391 nullm
1757 2340 1832 2391 esse
1849 2324 2001 2403 ammos,
2021 2314 2192 2389 mundum

670 2459 744 2510 esse
764 2458 876 2509 unum
898 2441 934 2509 et
955 2432 1143 2510 infinitum.
1179 2436 1306 2525 Porro,
1331 2444 1372 2510 ut
1394 2435 1509 2512 denuo
1530 2434 1607 2510 eius
1627 2436 1740 2512 verbis
1759 2445 1856 2524 utar,
1878 2459 2001 2511 causas
2022 2434 2195 2523 omnium,

669 2580 759 2653 quae
792 2562 876 2629 sunt
908 2562 970 2630 ant
1002 2575 1076 2629 esse
1109 2565 1274 2655 possunt,
1312 2556 1467 2631 invenire
1495 2563 1642 2655 conatus
1680 2564 1733 2631 est
1766 2556 1804 2629 in
1837 2555 1970 2631 mundo
2002 2554 2049 2629 ad
2079 2554 2193 2629 Deum

670 2675 803 2763 solum,
829 2674 891 2774 qui
914 2674 1030 2773 ipsum
1051 2675 1198 2765 creavit,
1223 2675 1437 2751 attendendo
1459 2701 1588 2776 easque
1616 2675 1757 2752 aliunde
1783 2700 1853 2751 non
1880 2675 2060 2749 educendo
2089 2698 2194 2773 quam

669 2818 712 2867 ex
732 2793 942 2893 quibusdam
967 2794 1119 2869 veritatis
1143 2796 1336 2871 seminibus
1369 2797 1495 2873 animis
1518 2797 1691 2873 nostrisa
1722 2804 1847 2871 natura
1877 2794 2008 2870 inditis.
2058 2794 2129 2868 Sed
2158 2793 2194 2867 in

669 2923 796 2989 conatu
816 2914 973 2989 substitit
992 2938 1056 2990 nee
1081 2938 1154 2991 rem
1178 2918 1322 3018 peregit.
1373 2918 1464 2993 Vere
1488 2940 1671 2994 arsamus
1695 2916 1802 3007 dixit,
1838 2913 2060 3003 methodum,
2085 2936 2191 3013 quam

669 3034 915 3135 speculativam
944 3042 1063 3126 vocat,
1097 3036 1197 3113 cuius
1229 3062 1298 3114 usu
1329 3037 1407 3138 quis
1434 3044 1529 3114 certa
1561 3037 1713 3138 quadam
1744 3035 2020 3114 visceratione
2054 3035 2099 3111 ab
2124 3058 2195 3110 una

669 3156 809 3232 notione
842 3157 887 3232 ad
913 3162 1044 3232 ceteras
1072 3158 1332 3258 progrediatur,
1366 3182 1561 3235 amenum
1591 3159 1735 3234 demum
1760 3159 1798 3232 in
1827 3156 2084 3256 Philosophiam
2115 3178 2191 3230 esse

665 3275 910 3352 introductam.
958 3276 1046 3351 Eius
1071 3284 1188 3353 autem
1213 3279 1378 3377 perfectio
1401 3279 1470 3380 ipsi
1503 3278 1652 3354 debetur
1674 3301 1856 3368 sesamo,
1892 3276 1956 3376 qui
1987 3275 2033 3352 ad
2068 3299 2189 3352 omnes

667 3421 744 3474 eam
768 3396 930 3472 adhibuit
953 3396 1194 3497 Philosophiae
1218 3403 1345 3497 partes.

715 3517 885 3594 Kanrrus
914 3543 936 3592 a
969 3542 1091 3594 sensus
1127 3518 1262 3594 externi
1293 3517 1491 3618 internique
1516 3517 1736 3619 perceptione
1771 3525 1848 3592 tum
1876 3515 2017 3592 visionis
2045 3515 2188 3603 formas,

666 3648 741 3713 tum
777 3661 855 3728 eas,
891 3638 1020 3738 quibus
1050 3639 1248 3715 intellectus
1283 3639 1321 3712 in
1357 3637 1555 3736 digerendis
1589 3636 1902 3734 connectendisqne
1941 3635 2025 3711 visis
2061 3633 2187 3722 utitur,
2271 3694 2281 3700 ,

666 3757 888 3846 distinxerat,
925 3759 1091 3835 vocabulo
1127 3759 1173 3834 ab
1213 3779 1441 3833 amaneum
1478 3764 1613 3846 sumto,
1649 3781 1708 3834 eas
1747 3758 1932 3834 nominans
1977 3755 2187 3855 categorias.

665 3877 825 3951 Mentem
856 3877 1044 3954 humanam
1067 3903 1185 3954 earum
1219 3903 1295 3954 esse
1322 3876 1455 3954 lonmm
1488 3878 1704 3966 ostenderat,
1730 3877 1817 3952 nihil
1845 3883 1963 3952 autem
1988 3875 2032 3949 iis
2058 3872 2189 3973 percipi

666 3997 735 4071 nisi
756 3998 934 4072 accederet
958 4020 1090 4073 sensns.
1125 3999 1284 4074 Ficarro
1307 4005 1427 4074 eontra
1445 3997 1668 4097 Philosophia
1688 4006 1742 4072 est
1761 3997 1921 4084 scientia,
1946 4019 2036 4095 qnae
2059 3994 2186 4069 extrin·

667 4141 766 4196 secus
794 4116 941 4192 assumit
966 4117 1054 4192 nihil
1078 4126 1114 4192 et
1142 4143 1184 4193 ex
1212 4119 1314 4194 unico
1345 4117 1515 4218 principio
1542 4117 1676 4216 reliqua
1709 4116 1807 4191 ducit
1838 4115 1964 4190 omnia.
2015 4113 2186 4188 Hnarrmo

666 4245 877 4312 autemnon
904 4237 1088 4328 satisfecit3
1116 4263 1330 4338 quamquam
1359 4237 1562 4337 disputandi
1596 4237 1700 4324 ratio,
1737 4261 1808 4335 qua
1833 4236 1891 4310 ille
1918 4235 2044 4322 utitur,
2082 4232 2186 4306 habet

664 4356 702 4431 in
727 4381 798 4456 quo
820 4381 900 4432 cum
933 4381 1082 4433 arcssro
1107 4359 1298 4434 conveniat.
1337 4356 1547 4434 Methodnm
1573 4379 1671 4431 suam
1699 4355 1913 4431 dialecticam
1939 4353 2083 4428 vocavit.
2122 4351 2186 4424 Est

666 4478 744 4566 illa,
781 4501 939 4552 nnsanro
962 4487 1119 4567 auctore,
1154 4503 1223 4552 non
1256 4478 1322 4553 aha
1345 4501 1451 4576 quam
1485 4475 1555 4564 rei,
1588 4499 1678 4573 quae
1701 4497 1779 4548 vere
1799 4481 1888 4562 est,
1925 4473 2052 4571 ipsius:
2091 4493 2185 4544 vere
2230 4505 2238 4522 ·

665 4603 782 4672 autem
806 4605 869 4672 est
893 4597 988 4697 quod
1017 4597 1216 4673 absolutum
1250 4605 1323 4685 est,
1347 4597 1370 4672 i.
1384 4621 1415 4670 e.
1441 4595 1520 4670 idea
1543 4593 1721 4682 absoluta,
1747 4593 1819 4668 sive
1842 4592 1949 4680 rabo,
1974 4615 2065 4690 quae
2088 4613 2184 4687 sepa-

664 4716 767 4790 ratim
793 4715 1007 4792 considerata
1029 4741 1049 4792 a
1074 4715 1323 4816 categoriarum
1348 4715 1536 4815 logicarum
1569 4713 1752 4814 complexu
1782 4737 1853 4789 non
1887 4710 2023 4798 differt,
2059 4708 2185 4784 diffusa

664 4843 781 4911 autem
802 4845 855 4911 est
877 4861 939 4936 per
960 4844 1141 4927 naturam,
1165 4835 1267 4910 cuius
1288 4844 1342 4910 est
1367 4835 1514 4924 veritas,
1540 4834 1710 4909 audeam
1740 4839 1841 4910 nacta
1870 4829 2116 4907 conscientiam
2139 4830 2185 4904 ad
