<?xml version="1.0" encoding="UTF-8"?>
<!DOCTYPE html PUBLIC "-//W3C//DTD XHTML 1.0 Transitional//EN"
    "http://www.w3.org/TR/xhtml1/DTD/xhtml1-transitional.dtd">
<html xmlns="http://www.w3.org/1999/xhtml" xml:lang="en" lang="en">
 <head>
  <title>
</title>
<meta http-equiv="Content-Type" content="text/html;charset=utf-8" />
  <meta name='ocr-system' content='tesseract 3.04.00' />
  <meta name='ocr-capabilities' content='ocr_page ocr_carea ocr_par ocr_line ocrx_word'/>
</head>
<body>
  <div class='ocr_page' id='page_1' title='image "annalesacademic12unkngoog_0059.png"; bbox 0 0 4959 6175; ppageno 0'>
   <div class='ocr_carea' id='block_1_1' title="bbox 884 680 1781 753">
    <p class='ocr_par' dir='ltr' id='par_1_1' title="bbox 884 680 1781 753">
     <span class='ocr_line' id='line_1_1' title="bbox 884 680 1781 753; baseline -0.002 -2"><span class='ocrx_word' id='word_1_1' title='bbox 884 680 1162 753; x_wconf 77' lang='lat' dir='ltr'><strong>ORATIO.</strong></span> <span class='ocrx_word' id='word_1_2' title='bbox 1737 682 1781 751; x_wconf 81' lang='lat'><strong>49</strong></span> 
     </span>
    </p>
   </div>
   <div class='ocr_carea' id='block_1_2' title="bbox 261 886 1882 2543">
    <p class='ocr_par' dir='ltr' id='par_1_2' title="bbox 261 886 1882 2543">
     <span class='ocr_line' id='line_1_2' title="bbox 263 886 1783 994; baseline -0.006 -22"><span class='ocrx_word' id='word_1_3' title='bbox 263 895 354 973; x_wconf 92' lang='lat' dir='ltr'><strong>ciam</strong></span> <span class='ocrx_word' id='word_1_4' title='bbox 378 891 531 984; x_wconf 79' lang='lat' dir='ltr'><strong>Belius,</strong></span> <span class='ocrx_word' id='word_1_5' title='bbox 543 890 606 969; x_wconf 88' lang='lat' dir='ltr'><strong>Vir</strong></span> <span class='ocrx_word' id='word_1_6' title='bbox 625 891 865 984; x_wconf 79' lang='lat' dir='ltr'><strong>Clarissimus,</strong></span> <span class='ocrx_word' id='word_1_7' title='bbox 891 894 970 994; x_wconf 90' lang='lat' dir='ltr'><strong>plus</strong></span> <span class='ocrx_word' id='word_1_8' title='bbox 990 892 1220 994; x_wconf 85' lang='lat' dir='ltr'><strong>quadraginta</strong></span> <span class='ocrx_word' id='word_1_9' title='bbox 1237 912 1346 969; x_wconf 83' lang='lat' dir='ltr'><strong>annos</strong></span> <span class='ocrx_word' id='word_1_10' title='bbox 1367 887 1537 989; x_wconf 86' lang='lat' dir='ltr'><strong>praeclare</strong></span> <span class='ocrx_word' id='word_1_11' title='bbox 1557 886 1783 981; x_wconf 75' lang='lat' dir='ltr'><strong>obtinuisset,</strong></span> 
     </span>
     <span class='ocr_line' id='line_1_3' title="bbox 262 1008 1783 1115; baseline -0.005 -24"><span class='ocrx_word' id='word_1_12' title='bbox 262 1015 352 1091; x_wconf 88' lang='lat' dir='ltr'><strong>banc</strong></span> <span class='ocrx_word' id='word_1_13' title='bbox 378 1040 444 1115; x_wconf 87' lang='lat' dir='ltr'><strong>ego</strong></span> <span class='ocrx_word' id='word_1_14' title='bbox 466 1013 692 1115; x_wconf 79' lang='lat' dir='ltr'><strong>susciperem,</strong></span> <span class='ocrx_word' id='word_1_15' title='bbox 717 1013 801 1091; x_wconf 88' lang='lat' dir='ltr'><strong>bace</strong></span> <span class='ocrx_word' id='word_1_16' title='bbox 826 1014 913 1090; x_wconf 92' lang='lat' dir='ltr'><strong>mihi</strong></span> <span class='ocrx_word' id='word_1_17' title='bbox 947 1015 1071 1115; x_wconf 83' lang='lat' dir='ltr'><strong>Sparta</strong></span> <span class='ocrx_word' id='word_1_18' title='bbox 1095 1013 1250 1089; x_wconf 91' lang='lat' dir='ltr'><strong>ornanda</strong></span> <span class='ocrx_word' id='word_1_19' title='bbox 1276 1008 1480 1086; x_wconf 89' lang='lat' dir='ltr'><strong>traderetur.</strong></span> <span class='ocrx_word' id='word_1_20' title='bbox 1528 1008 1674 1083; x_wconf 80' lang='lat' dir='ltr'>Prorsus</span> <span class='ocrx_word' id='word_1_21' title='bbox 1695 1008 1783 1083; x_wconf 93' lang='lat' dir='ltr'><strong>nibil</strong></span> 
     </span>
     <span class='ocr_line' id='line_1_4' title="bbox 263 1127 1882 1237; baseline -0.009 -25"><span class='ocrx_word' id='word_1_22' title='bbox 263 1136 433 1237; x_wconf 83' lang='lat' dir='ltr'><strong>estquod</strong></span> <span class='ocrx_word' id='word_1_23' title='bbox 457 1135 586 1223; x_wconf 86' lang='lat' dir='ltr'><strong>celem,</strong></span> <span class='ocrx_word' id='word_1_24' title='bbox 610 1134 685 1209; x_wconf 88' lang='lat' dir='ltr'><strong>Viri</strong></span> <span class='ocrx_word' id='word_1_25' title='bbox 711 1133 947 1232; x_wconf 88' lang='lat' dir='ltr'><strong>Amplissimil</strong></span> <span class='ocrx_word' id='word_1_26' title='bbox 973 1177 1025 1195; x_wconf 89' lang='lat'><em>-</em></span> <span class='ocrx_word' id='word_1_27' title='bbox 1047 1157 1161 1232; x_wconf 88' lang='lat' dir='ltr'><strong>neque</strong></span> <span class='ocrx_word' id='word_1_28' title='bbox 1196 1130 1291 1208; x_wconf 93' lang='lat' dir='ltr'><strong>euim</strong></span> <span class='ocrx_word' id='word_1_29' title='bbox 1323 1129 1441 1205; x_wconf 89' lang='lat' dir='ltr'><strong>statim</strong></span> <span class='ocrx_word' id='word_1_30' title='bbox 1473 1128 1518 1203; x_wconf 91' lang='lat' dir='ltr'><strong>ab</strong></span> <span class='ocrx_word' id='word_1_31' title='bbox 1550 1128 1651 1203; x_wconf 89' lang='lat' dir='ltr'><strong>initio</strong></span> <span class='ocrx_word' id='word_1_32' title='bbox 1681 1127 1781 1204; x_wconf 91' lang='lat' dir='ltr'><strong>dissi·</strong></span> <span class='ocrx_word' id='word_1_33' title='bbox 1878 1190 1882 1197; x_wconf 88' lang='lat'><strong>.</strong></span> 
     </span>
     <span class='ocr_line' id='line_1_5' title="bbox 263 1248 1782 1353; baseline -0.004 -24"><span class='ocrx_word' id='word_1_34' title='bbox 263 1255 394 1331; x_wconf 89' lang='lat' dir='ltr'><strong>mulavi</strong></span> <span class='ocrx_word' id='word_1_35' title='bbox 414 1298 464 1311; x_wconf 90' lang='lat'><em>-</em></span> <span class='ocrx_word' id='word_1_36' title='bbox 484 1254 637 1353; x_wconf 90' lang='lat' dir='ltr'><strong>primum</strong></span> <span class='ocrx_word' id='word_1_37' title='bbox 676 1252 766 1329; x_wconf 90' lang='lat' dir='ltr'><strong>tanti</strong></span> <span class='ocrx_word' id='word_1_38' title='bbox 800 1252 954 1327; x_wconf 89' lang='lat' dir='ltr'><strong>muneris</strong></span> <span class='ocrx_word' id='word_1_39' title='bbox 990 1277 1053 1327; x_wconf 90' lang='lat' dir='ltr'><strong>nec</strong></span> <span class='ocrx_word' id='word_1_40' title='bbox 1081 1253 1207 1351; x_wconf 87' lang='lat' dir='ltr'><strong>sperati</strong></span> <span class='ocrx_word' id='word_1_41' title='bbox 1243 1274 1357 1351; x_wconf 89' lang='lat' dir='ltr'><strong>neque</strong></span> <span class='ocrx_word' id='word_1_42' title='bbox 1391 1250 1580 1348; x_wconf 82' lang='lat' dir='ltr'><strong>exspectati</strong></span> <span class='ocrx_word' id='word_1_43' title='bbox 1608 1248 1696 1325; x_wconf 89' lang='lat' dir='ltr'><strong>adeo</strong></span> <span class='ocrx_word' id='word_1_44' title='bbox 1724 1273 1782 1325; x_wconf 90' lang='lat' dir='ltr'><strong>me</strong></span> 
     </span>
     <span class='ocr_line' id='line_1_6' title="bbox 263 1369 1780 1475; baseline -0.003 -26"><span class='ocrx_word' id='word_1_45' title='bbox 263 1374 459 1475; x_wconf 81' lang='lat' dir='ltr'>suspexisse</span> <span class='ocrx_word' id='word_1_46' title='bbox 480 1372 702 1471; x_wconf 86' lang='lat' dir='ltr'><strong>gravitatem,</strong></span> <span class='ocrx_word' id='word_1_47' title='bbox 727 1378 768 1445; x_wconf 92' lang='lat' dir='ltr'><strong>ut</strong></span> <span class='ocrx_word' id='word_1_48' title='bbox 789 1369 920 1446; x_wconf 84' lang='lat' dir='ltr'><strong>viribus</strong></span> <span class='ocrx_word' id='word_1_49' title='bbox 945 1370 1031 1446; x_wconf 86' lang='lat' dir='ltr'><strong>meis</strong></span> <span class='ocrx_word' id='word_1_50' title='bbox 1054 1370 1225 1446; x_wconf 89' lang='lat' dir='ltr'><strong>diffidenti</strong></span> <span class='ocrx_word' id='word_1_51' title='bbox 1247 1394 1385 1445; x_wconf 89' lang='lat' dir='ltr'><strong>manere</strong></span> <span class='ocrx_word' id='word_1_52' title='bbox 1411 1369 1450 1445; x_wconf 92' lang='lat' dir='ltr'><strong>in</strong></span> <span class='ocrx_word' id='word_1_53' title='bbox 1472 1369 1619 1445; x_wconf 90' lang='lat' dir='ltr'><strong>statione</strong></span> <span class='ocrx_word' id='word_1_54' title='bbox 1639 1371 1780 1445; x_wconf 85' lang='lat' dir='ltr'><strong>Amste·</strong></span> 
     </span>
     <span class='ocr_line' id='line_1_7' title="bbox 262 1488 1782 1591; baseline -0.003 -24"><span class='ocrx_word' id='word_1_55' title='bbox 262 1491 471 1580; x_wconf 86' lang='lat' dir='ltr'><strong>lodemensi,</strong></span> <span class='ocrx_word' id='word_1_56' title='bbox 496 1514 601 1590; x_wconf 90' lang='lat' dir='ltr'><strong>quam</strong></span> <span class='ocrx_word' id='word_1_57' title='bbox 631 1490 760 1566; x_wconf 84' lang='lat' dir='ltr'><strong>leidae</strong></span> <span class='ocrx_word' id='word_1_58' title='bbox 792 1516 918 1591; x_wconf 81' lang='lat' dir='ltr'><strong>agmen</strong></span> <span class='ocrx_word' id='word_1_59' title='bbox 953 1491 1078 1567; x_wconf 88' lang='lat' dir='ltr'><strong>ducere</strong></span> <span class='ocrx_word' id='word_1_60' title='bbox 1104 1516 1214 1591; x_wconf 88' lang='lat' dir='ltr'><strong>paene</strong></span> <span class='ocrx_word' id='word_1_61' title='bbox 1246 1488 1363 1589; x_wconf 91' lang='lat' dir='ltr'><strong>potius</strong></span> <span class='ocrx_word' id='word_1_62' title='bbox 1386 1514 1463 1564; x_wconf 88' lang='lat' dir='ltr'><strong>esse</strong></span> <span class='ocrx_word' id='word_1_63' title='bbox 1490 1489 1675 1563; x_wconf 88' lang='lat' dir='ltr'><strong>videretur.</strong></span> <span class='ocrx_word' id='word_1_64' title='bbox 1725 1488 1782 1563; x_wconf 83' lang='lat' dir='ltr'><strong>Sic</strong></span> 
     </span>
     <span class='ocr_line' id='line_1_8' title="bbox 263 1608 1782 1709; baseline -0.001 -25"><span class='ocrx_word' id='word_1_65' title='bbox 263 1609 356 1684; x_wconf 91' lang='lat' dir='ltr'><strong>enim</strong></span> <span class='ocrx_word' id='word_1_66' title='bbox 385 1630 588 1706; x_wconf 88' lang='lat' dir='ltr'><strong>persuasum</strong></span> <span class='ocrx_word' id='word_1_67' title='bbox 617 1632 752 1709; x_wconf 81' lang='lat' dir='ltr'><strong>semper</strong></span> <span class='ocrx_word' id='word_1_68' title='bbox 784 1608 871 1683; x_wconf 91' lang='lat' dir='ltr'><strong>mihi</strong></span> <span class='ocrx_word' id='word_1_69' title='bbox 892 1608 980 1686; x_wconf 83' lang='lat' dir='ltr'><strong>tuit:</strong></span> <span class='ocrx_word' id='word_1_70' title='bbox 1013 1634 1118 1709; x_wconf 85' lang='lat' dir='ltr'><strong>quem</strong></span> <span class='ocrx_word' id='word_1_71' title='bbox 1142 1610 1284 1685; x_wconf 91' lang='lat' dir='ltr'><strong>titulum</strong></span> <span class='ocrx_word' id='word_1_72' title='bbox 1314 1609 1395 1708; x_wconf 90' lang='lat' dir='ltr'><strong>quis</strong></span> <span class='ocrx_word' id='word_1_73' title='bbox 1416 1633 1487 1683; x_wconf 92' lang='lat' dir='ltr'><strong>non</strong></span> <span class='ocrx_word' id='word_1_74' title='bbox 1513 1615 1654 1683; x_wconf 91' lang='lat' dir='ltr'><strong>tueatur</strong></span> <span class='ocrx_word' id='word_1_75' title='bbox 1679 1609 1782 1700; x_wconf 88' lang='lat' dir='ltr'><strong>satis,</strong></span> 
     </span>
     <span class='ocr_line' id='line_1_9' title="bbox 263 1727 1783 1828; baseline 0.001 -25"><span class='ocrx_word' id='word_1_76' title='bbox 263 1752 303 1803; x_wconf 90' lang='lat' dir='ltr'><strong>ec</strong></span> <span class='ocrx_word' id='word_1_77' title='bbox 328 1727 472 1827; x_wconf 88' lang='lat' dir='ltr'><strong>quidam</strong></span> <span class='ocrx_word' id='word_1_78' title='bbox 494 1728 612 1827; x_wconf 91' lang='lat' dir='ltr'><strong>ipsum</strong></span> <span class='ocrx_word' id='word_1_79' title='bbox 630 1751 701 1802; x_wconf 92' lang='lat' dir='ltr'><strong>non</strong></span> <span class='ocrx_word' id='word_1_80' title='bbox 724 1734 797 1803; x_wconf 90' lang='lat' dir='ltr'><strong>tam</strong></span> <span class='ocrx_word' id='word_1_81' title='bbox 823 1729 936 1804; x_wconf 88' lang='lat' dir='ltr'><strong>ornari</strong></span> <span class='ocrx_word' id='word_1_82' title='bbox 961 1730 1068 1804; x_wconf 88' lang='lat' dir='ltr'><strong>solere</strong></span> <span class='ocrx_word' id='word_1_83' title='bbox 1098 1753 1204 1828; x_wconf 93' lang='lat' dir='ltr'><strong>quam</strong></span> <span class='ocrx_word' id='word_1_84' title='bbox 1227 1728 1372 1803; x_wconf 89' lang='lat' dir='ltr'><strong>onerari.</strong></span> <span class='ocrx_word' id='word_1_85' title='bbox 1410 1729 1507 1802; x_wconf 90' lang='lat' dir='ltr'><strong>Num</strong></span> <span class='ocrx_word' id='word_1_86' title='bbox 1529 1728 1597 1802; x_wconf 85' lang='lat' dir='ltr'><strong>alia</strong></span> <span class='ocrx_word' id='word_1_87' title='bbox 1616 1727 1783 1819; x_wconf 85' lang='lat' dir='ltr'><strong>reseram,</strong></span> 
     </span>
     <span class='ocr_line' id='line_1_10' title="bbox 263 1846 1784 1947; baseline -0.003 -24"><span class='ocrx_word' id='word_1_88' title='bbox 263 1871 352 1947; x_wconf 91' lang='lat' dir='ltr'><strong>quae</strong></span> <span class='ocrx_word' id='word_1_89' title='bbox 390 1854 474 1939; x_wconf 74' lang='lat' dir='ltr'><strong>teme</strong></span> <span class='ocrx_word' id='word_1_90' title='bbox 507 1846 762 1922; x_wconf 80' lang='lat' dir='ltr'><strong>dubitationem</strong></span> <span class='ocrx_word' id='word_1_91' title='bbox 797 1848 885 1923; x_wconf 88' lang='lat' dir='ltr'><strong>mihi</strong></span> <span class='ocrx_word' id='word_1_92' title='bbox 914 1847 1116 1947; x_wconf 77' lang='lat' dir='ltr'><strong>augebant?</strong></span> <span class='ocrx_word' id='word_1_93' title='bbox 1164 1848 1247 1923; x_wconf 93' lang='lat' dir='ltr'><strong>Non</strong></span> <span class='ocrx_word' id='word_1_94' title='bbox 1281 1848 1425 1936; x_wconf 78' lang='lat' dir='ltr'><strong>faciam,</strong></span> <span class='ocrx_word' id='word_1_95' title='bbox 1461 1847 1625 1946; x_wconf 86' lang='lat' dir='ltr'><strong>quoniam</strong></span> <span class='ocrx_word' id='word_1_96' title='bbox 1654 1846 1713 1923; x_wconf 88' lang='lat' dir='ltr'><strong>cui</strong></span> <span class='ocrx_word' id='word_1_97' title='bbox 1746 1847 1784 1920; x_wconf 94' lang='lat' dir='ltr'><strong>id</strong></span> 
     </span>
     <span class='ocr_line' id='line_1_11' title="bbox 261 1965 1783 2067; baseline 0 -26"><span class='ocrx_word' id='word_1_98' title='bbox 261 1966 353 2042; x_wconf 74' lang='grc' dir='ltr'>Ιιοιιο</span> <span class='ocrx_word' id='word_1_99' title='bbox 378 1968 516 2043; x_wconf 90' lang='lat' dir='ltr'><strong>sitnon</strong></span> <span class='ocrx_word' id='word_1_100' title='bbox 540 1966 651 2042; x_wconf 87' lang='lat' dir='ltr'><strong>video.</strong></span> <span class='ocrx_word' id='word_1_101' title='bbox 690 1967 747 2044; x_wconf 83' lang='lat' dir='ltr'><strong>Ne</strong></span> <span class='ocrx_word' id='word_1_102' title='bbox 769 1968 828 2043; x_wconf 94' lang='lat' dir='ltr'><strong>illa</strong></span> <span class='ocrx_word' id='word_1_103' title='bbox 849 1968 992 2067; x_wconf 89' lang='lat' dir='ltr'><strong>quidem</strong></span> <span class='ocrx_word' id='word_1_104' title='bbox 1008 1967 1359 2056; x_wconf 88' lang='lat' dir='ltr'><strong>commemorassem,</strong></span> <span class='ocrx_word' id='word_1_105' title='bbox 1383 1966 1451 2041; x_wconf 88' lang='lat' dir='ltr'><strong>nisi</strong></span> <span class='ocrx_word' id='word_1_106' title='bbox 1469 1966 1508 2040; x_wconf 94' lang='lat' dir='ltr'><strong>id</strong></span> <span class='ocrx_word' id='word_1_107' title='bbox 1532 1966 1649 2064; x_wconf 89' lang='lat' dir='ltr'><strong>ipsum</strong></span> <span class='ocrx_word' id='word_1_108' title='bbox 1673 1965 1783 2041; x_wconf 88' lang='lat' dir='ltr'><strong>decla·</strong></span> 
     </span>
     <span class='ocr_line' id='line_1_12' title="bbox 261 2057 1783 2187; baseline -0.002 -23"><span class='ocrx_word' id='word_1_109' title='bbox 261 2096 397 2177; x_wconf 83' lang='lat' dir='ltr'><strong>rorent,</strong></span> <span class='ocrx_word' id='word_1_110' title='bbox 418 2088 513 2187; x_wconf 92' lang='lat' dir='ltr'><strong>quod</strong></span> <span class='ocrx_word' id='word_1_111' title='bbox 528 2087 565 2161; x_wconf 92' lang='lat' dir='ltr'><strong>in</strong></span> <span class='ocrx_word' id='word_1_112' title='bbox 587 2057 712 2186; x_wconf 68' lang='lat' dir='ltr'><strong>primisl</strong></span> <span class='ocrx_word' id='word_1_113' title='bbox 727 2086 829 2162; x_wconf 85' lang='lat' dir='ltr'><strong>velim</strong></span> <span class='ocrx_word' id='word_1_114' title='bbox 848 2087 1011 2177; x_wconf 91' lang='lat' dir='ltr'><strong>teneatis,</strong></span> <span class='ocrx_word' id='word_1_115' title='bbox 1029 2112 1099 2162; x_wconf 93' lang='lat' dir='ltr'><strong>non</strong></span> <span class='ocrx_word' id='word_1_116' title='bbox 1118 2087 1186 2161; x_wconf 87' lang='lat' dir='ltr'><strong>lovi</strong></span> <span class='ocrx_word' id='word_1_117' title='bbox 1205 2087 1357 2186; x_wconf 90' lang='lat' dir='ltr'><strong>quadam</strong></span> <span class='ocrx_word' id='word_1_118' title='bbox 1377 2087 1559 2185; x_wconf 90' lang='lat' dir='ltr'><strong>abreptum</strong></span> <span class='ocrx_word' id='word_1_119' title='bbox 1578 2086 1783 2176; x_wconf 80' lang='lat' dir='ltr'><strong>ambitione,</strong></span> 
     </span>
     <span class='ocr_line' id='line_1_13' title="bbox 263 2205 1783 2306; baseline -0.001 -26"><span class='ocrx_word' id='word_1_120' title='bbox 263 2208 325 2282; x_wconf 93' lang='lat' dir='ltr'><strong>sed</strong></span> <span class='ocrx_word' id='word_1_121' title='bbox 355 2208 547 2283; x_wconf 86' lang='lat' dir='ltr'><strong>verecunda</strong></span> <span class='ocrx_word' id='word_1_122' title='bbox 568 2207 754 2306; x_wconf 89' lang='lat' dir='ltr'><strong>prudentia</strong></span> <span class='ocrx_word' id='word_1_123' title='bbox 778 2207 988 2295; x_wconf 89' lang='lat' dir='ltr'><strong>adductum,</strong></span> <span class='ocrx_word' id='word_1_124' title='bbox 1015 2208 1154 2281; x_wconf 88' lang='lat' dir='ltr'><strong>tandem</strong></span> <span class='ocrx_word' id='word_1_125' title='bbox 1183 2230 1239 2280; x_wconf 88' lang='lat' dir='ltr'><strong>me</strong></span> <span class='ocrx_word' id='word_1_126' title='bbox 1263 2206 1502 2304; x_wconf 84' lang='lat' dir='ltr'><strong>gravissimam</strong></span> <span class='ocrx_word' id='word_1_127' title='bbox 1530 2205 1626 2279; x_wconf 91' lang='lat' dir='ltr'><strong>illam</strong></span> <span class='ocrx_word' id='word_1_128' title='bbox 1647 2206 1783 2303; x_wconf 88' lang='lat' dir='ltr'><strong>provin·</strong></span> 
     </span>
     <span class='ocr_line' id='line_1_14' title="bbox 261 2324 1785 2423; baseline 0.001 -23"><span class='ocrx_word' id='word_1_129' title='bbox 261 2327 352 2401; x_wconf 89' lang='lat' dir='ltr'><strong>ciam</strong></span> <span class='ocrx_word' id='word_1_130' title='bbox 380 2326 526 2414; x_wconf 91' lang='lat' dir='ltr'><strong>obiisse,</strong></span> <span class='ocrx_word' id='word_1_131' title='bbox 562 2326 607 2399; x_wconf 91' lang='lat' dir='ltr'><strong>ad</strong></span> <span class='ocrx_word' id='word_1_132' title='bbox 642 2326 742 2400; x_wconf 85' lang='lat' dir='ltr'><strong>caius</strong></span> <span class='ocrx_word' id='word_1_133' title='bbox 763 2325 1036 2423; x_wconf 76' lang='lat' dir='ltr'><strong>procurationem</strong></span> <span class='ocrx_word' id='word_1_134' title='bbox 1066 2324 1163 2399; x_wconf 89' lang='lat' dir='ltr'><strong>vobis</strong></span> <span class='ocrx_word' id='word_1_135' title='bbox 1186 2324 1280 2398; x_wconf 91' lang='lat' dir='ltr'><strong>visus</strong></span> <span class='ocrx_word' id='word_1_136' title='bbox 1314 2348 1392 2398; x_wconf 91' lang='lat' dir='ltr'><strong>sum</strong></span> <span class='ocrx_word' id='word_1_137' title='bbox 1417 2348 1499 2423; x_wconf 90' lang='lat' dir='ltr'><strong>prae</strong></span> <span class='ocrx_word' id='word_1_138' title='bbox 1526 2325 1601 2400; x_wconf 90' lang='lat' dir='ltr'><strong>aliis</strong></span> <span class='ocrx_word' id='word_1_139' title='bbox 1627 2327 1785 2402; x_wconf 89' lang='lat' dir='ltr'><strong>idoneas.</strong></span> 
     </span>
     <span class='ocr_line' id='line_1_15' title="bbox 263 2439 1784 2543; baseline -0.001 -22"><span class='ocrx_word' id='word_1_140' title='bbox 263 2444 345 2522; x_wconf 87' lang='lat' dir='ltr'><strong>Qua</strong></span> <span class='ocrx_word' id='word_1_141' title='bbox 368 2442 555 2515; x_wconf 86' lang='lat' dir='ltr'><strong>honorifica</strong></span> <span class='ocrx_word' id='word_1_142' title='bbox 578 2440 622 2513; x_wconf 93' lang='lat' dir='ltr'><strong>de</strong></span> <span class='ocrx_word' id='word_1_143' title='bbox 644 2464 700 2515; x_wconf 90' lang='lat' dir='ltr'><strong>me</strong></span> <span class='ocrx_word' id='word_1_144' title='bbox 729 2441 900 2516; x_wconf 85' lang='lat' dir='ltr'><strong>sententia</strong></span> <span class='ocrx_word' id='word_1_145' title='bbox 925 2442 1060 2517; x_wconf 89' lang='lat' dir='ltr'><strong>utinam</strong></span> <span class='ocrx_word' id='word_1_146' title='bbox 1084 2466 1128 2515; x_wconf 92' lang='lat' dir='ltr'><strong>ne</strong></span> <span class='ocrx_word' id='word_1_147' title='bbox 1149 2439 1227 2515; x_wconf 84' lang='lat' dir='ltr'><strong>lalsi</strong></span> <span class='ocrx_word' id='word_1_148' title='bbox 1260 2466 1335 2517; x_wconf 90' lang='lat' dir='ltr'><strong>esse</strong></span> <span class='ocrx_word' id='word_1_149' title='bbox 1364 2467 1521 2541; x_wconf 89' lang='lat' dir='ltr'><strong>unquam</strong></span> <span class='ocrx_word' id='word_1_150' title='bbox 1547 2445 1784 2543; x_wconf 86' lang='lat' dir='ltr'><strong>reperiamini!</strong></span> 
     </span>
    </p>
   </div>
   <div class='ocr_carea' id='block_1_3' title="bbox 263 2558 1820 4939">
    <p class='ocr_par' dir='ltr' id='par_1_3' title="bbox 263 2558 1786 2901">
     <span class='ocr_line' id='line_1_16' title="bbox 264 2558 1786 2662; baseline 0.001 -25"><span class='ocrx_word' id='word_1_151' title='bbox 264 2560 342 2637; x_wconf 89' lang='lat' dir='ltr'><strong>Hoc</strong></span> <span class='ocrx_word' id='word_1_152' title='bbox 367 2560 530 2659; x_wconf 90' lang='lat' dir='ltr'><strong>equidem</strong></span> <span class='ocrx_word' id='word_1_153' title='bbox 557 2558 711 2657; x_wconf 83' lang='lat' dir='ltr'><strong>spondeo</strong></span> <span class='ocrx_word' id='word_1_154' title='bbox 744 2567 941 2658; x_wconf 88' lang='lat' dir='ltr'><strong>testorque,</strong></span> <span class='ocrx_word' id='word_1_155' title='bbox 975 2560 1064 2635; x_wconf 91' lang='lat' dir='ltr'><strong>nihil</strong></span> <span class='ocrx_word' id='word_1_156' title='bbox 1095 2584 1151 2645; x_wconf 88' lang='lat' dir='ltr'><strong>me</strong></span> <span class='ocrx_word' id='word_1_157' title='bbox 1176 2586 1302 2661; x_wconf 88' lang='lat' dir='ltr'><strong>cupere</strong></span> <span class='ocrx_word' id='word_1_158' title='bbox 1330 2562 1458 2662; x_wconf 89' lang='lat' dir='ltr'><strong>magis,</strong></span> <span class='ocrx_word' id='word_1_159' title='bbox 1493 2563 1581 2637; x_wconf 92' lang='lat' dir='ltr'><strong>nibil</strong></span> <span class='ocrx_word' id='word_1_160' title='bbox 1595 2564 1689 2638; x_wconf 61' lang='lat' dir='ltr'><strong>&gt;mihi</strong></span> <span class='ocrx_word' id='word_1_161' title='bbox 1714 2565 1786 2639; x_wconf 88' lang='lat' dir='ltr'><strong>lore</strong></span> 
     </span>
     <span class='ocr_line' id='line_1_17' title="bbox 263 2669 1786 2783; baseline 0.003 -28"><span class='ocrx_word' id='word_1_162' title='bbox 263 2680 381 2780; x_wconf 92' lang='lat' dir='ltr'><strong>prius,</strong></span> <span class='ocrx_word' id='word_1_163' title='bbox 404 2680 492 2755; x_wconf 90' lang='lat' dir='ltr'><strong>nihil</strong></span> <span class='ocrx_word' id='word_1_164' title='bbox 513 2679 714 2778; x_wconf 88' lang='lat' dir='ltr'><strong>antiquius,</strong></span> <span class='ocrx_word' id='word_1_165' title='bbox 738 2704 843 2778; x_wconf 90' lang='lat' dir='ltr'><strong>quam</strong></span> <span class='ocrx_word' id='word_1_166' title='bbox 868 2669 907 2754; x_wconf 88' lang='lat' dir='ltr'><strong>ut</strong></span> <span class='ocrx_word' id='word_1_167' title='bbox 930 2681 1055 2755; x_wconf 89' lang='lat' dir='ltr'><strong>illustri</strong></span> <span class='ocrx_word' id='word_1_168' title='bbox 1075 2681 1180 2756; x_wconf 91' lang='lat' dir='ltr'><strong>huius</strong></span> <span class='ocrx_word' id='word_1_169' title='bbox 1209 2682 1420 2758; x_wconf 87' lang='lat' dir='ltr'><strong>Academiae</strong></span> <span class='ocrx_word' id='word_1_170' title='bbox 1450 2683 1584 2782; x_wconf 93' lang='lat' dir='ltr'><strong>nomini</strong></span> <span class='ocrx_word' id='word_1_171' title='bbox 1605 2683 1786 2783; x_wconf 79' lang='lat' dir='ltr'><strong>famaeque</strong></span> 
     </span>
     <span class='ocr_line' id='line_1_18' title="bbox 264 2798 1429 2901; baseline 0.003 -26"><span class='ocrx_word' id='word_1_172' title='bbox 264 2824 472 2901; x_wconf 90' lang='lat' dir='ltr'><strong>quocunque</strong></span> <span class='ocrx_word' id='word_1_173' title='bbox 499 2798 630 2899; x_wconf 90' lang='lat' dir='ltr'><strong>possim</strong></span> <span class='ocrx_word' id='word_1_174' title='bbox 656 2800 760 2874; x_wconf 92' lang='lat' dir='ltr'><strong>modo</strong></span> <span class='ocrx_word' id='word_1_175' title='bbox 782 2801 961 2875; x_wconf 89' lang='lat' dir='ltr'><strong>consulam</strong></span> <span class='ocrx_word' id='word_1_176' title='bbox 984 2800 1199 2899; x_wconf 86' lang='lat' dir='ltr'><strong>serviamque</strong></span> <span class='ocrx_word' id='word_1_177' title='bbox 1222 2811 1429 2879; x_wconf 84' lang='lat' dir='ltr'><strong>constanter.</strong></span> 
     </span>
    </p>

    <p class='ocr_par' dir='ltr' id='par_1_4' title="bbox 264 2917 1820 4208">
     <span class='ocr_line' id='line_1_19' title="bbox 313 2917 1788 3022; baseline 0.003 -30"><span class='ocrx_word' id='word_1_178' title='bbox 313 2920 386 2995; x_wconf 90' lang='lat' dir='ltr'><strong>Vos</strong></span> <span class='ocrx_word' id='word_1_179' title='bbox 405 2920 467 2995; x_wconf 92' lang='lat' dir='ltr'><strong>ubi</strong></span> <span class='ocrx_word' id='word_1_180' title='bbox 490 2920 644 3009; x_wconf 91' lang='lat' dir='ltr'><strong>intueor,</strong></span> <span class='ocrx_word' id='word_1_181' title='bbox 669 2920 732 3020; x_wconf 91' lang='lat' dir='ltr'><strong>qui</strong></span> <span class='ocrx_word' id='word_1_182' title='bbox 760 2918 955 2995; x_wconf 89' lang='lat' dir='ltr'><strong>divinarum</strong></span> <span class='ocrx_word' id='word_1_183' title='bbox 975 2944 1092 2995; x_wconf 89' lang='lat' dir='ltr'><strong>rerum</strong></span> <span class='ocrx_word' id='word_1_184' title='bbox 1115 2921 1297 2996; x_wconf 88' lang='lat' dir='ltr'><strong>scientiam</strong></span> <span class='ocrx_word' id='word_1_185' title='bbox 1324 2922 1564 3022; x_wconf 86' lang='lat' dir='ltr'><strong>humanasque</strong></span> <span class='ocrx_word' id='word_1_186' title='bbox 1589 2917 1788 3021; x_wconf 87' lang='lat' dir='ltr'><strong>disciplinas</strong></span> 
     </span>
     <span class='ocr_line' id='line_1_20' title="bbox 265 3040 1787 3140; baseline 0.001 -24"><span class='ocrx_word' id='word_1_187' title='bbox 265 3040 303 3116; x_wconf 92' lang='lat' dir='ltr'><strong>in</strong></span> <span class='ocrx_word' id='word_1_188' title='bbox 324 3040 388 3117; x_wconf 89' lang='lat' dir='ltr'><strong>hac</strong></span> <span class='ocrx_word' id='word_1_189' title='bbox 412 3042 596 3117; x_wconf 87' lang='lat' dir='ltr'><strong>Musarum</strong></span> <span class='ocrx_word' id='word_1_190' title='bbox 622 3040 707 3115; x_wconf 88' lang='lat' dir='ltr'><strong>sede</strong></span> <span class='ocrx_word' id='word_1_191' title='bbox 733 3040 962 3140; x_wconf 87' lang='lat' dir='ltr'><strong>profitemini,</strong></span> <span class='ocrx_word' id='word_1_192' title='bbox 989 3040 1095 3116; x_wconf 92' lang='lat' dir='ltr'><strong>simul</strong></span> <span class='ocrx_word' id='word_1_193' title='bbox 1116 3042 1306 3118; x_wconf 88' lang='lat' dir='ltr'><strong>excitatum</strong></span> <span class='ocrx_word' id='word_1_194' title='bbox 1328 3066 1384 3118; x_wconf 90' lang='lat' dir='ltr'><strong>me</strong></span> <span class='ocrx_word' id='word_1_195' title='bbox 1405 3043 1538 3133; x_wconf 88' lang='lat' dir='ltr'><strong>sentia,</strong></span> <span class='ocrx_word' id='word_1_196' title='bbox 1561 3051 1604 3118; x_wconf 90' lang='lat' dir='ltr'><strong>ut</strong></span> <span class='ocrx_word' id='word_1_197' title='bbox 1623 3042 1726 3120; x_wconf 89' lang='lat' dir='ltr'><strong>alacri</strong></span> <span class='ocrx_word' id='word_1_198' title='bbox 1750 3049 1787 3117; x_wconf 91' lang='lat' dir='ltr'><strong>et</strong></span> 
     </span>
     <span class='ocr_line' id='line_1_21' title="bbox 265 3161 1786 3261; baseline 0.003 -26"><span class='ocrx_word' id='word_1_199' title='bbox 265 3169 379 3236; x_wconf 84' lang='lat' dir='ltr'><strong>erecto</strong></span> <span class='ocrx_word' id='word_1_200' title='bbox 404 3161 519 3237; x_wconf 91' lang='lat' dir='ltr'><strong>animo</strong></span> <span class='ocrx_word' id='word_1_201' title='bbox 542 3186 617 3236; x_wconf 89' lang='lat' dir='ltr'><strong>esse</strong></span> <span class='ocrx_word' id='word_1_202' title='bbox 640 3184 792 3260; x_wconf 89' lang='lat' dir='ltr'><strong>pergam.</strong></span> <span class='ocrx_word' id='word_1_203' title='bbox 845 3164 968 3240; x_wconf 85' lang='lat' dir='ltr'><strong>Quum</strong></span> <span class='ocrx_word' id='word_1_204' title='bbox 1001 3162 1094 3236; x_wconf 92' lang='lat' dir='ltr'><strong>enim</strong></span> <span class='ocrx_word' id='word_1_205' title='bbox 1126 3162 1246 3261; x_wconf 89' lang='lat' dir='ltr'><strong>paucis</strong></span> <span class='ocrx_word' id='word_1_206' title='bbox 1282 3171 1435 3238; x_wconf 86' lang='lat' dir='ltr'><strong>vestrum</strong></span> <span class='ocrx_word' id='word_1_207' title='bbox 1466 3163 1559 3238; x_wconf 59' lang='lat' dir='ltr'><strong>iam*</strong></span> <span class='ocrx_word' id='word_1_208' title='bbox 1574 3170 1678 3238; x_wconf 86' lang='lat' dir='ltr'><strong>antea</strong></span> <span class='ocrx_word' id='word_1_209' title='bbox 1700 3187 1786 3239; x_wconf 86' lang='lat' dir='ltr'><strong>usus</strong></span> 
     </span>
     <span class='ocr_line' id='line_1_22' title="bbox 266 3281 1787 3382; baseline 0.001 -26"><span class='ocrx_word' id='word_1_210' title='bbox 266 3305 378 3356; x_wconf 91' lang='lat' dir='ltr'><strong>essem</strong></span> <span class='ocrx_word' id='word_1_211' title='bbox 405 3281 635 3370; x_wconf 77' lang='lat' dir='ltr'><strong>familariter,</strong></span> <span class='ocrx_word' id='word_1_212' title='bbox 660 3305 781 3356; x_wconf 89' lang='lat' dir='ltr'><strong>omnes</strong></span> <span class='ocrx_word' id='word_1_213' title='bbox 804 3281 874 3356; x_wconf 90' lang='lat' dir='ltr'><strong>huc</strong></span> <span class='ocrx_word' id='word_1_214' title='bbox 897 3289 1057 3356; x_wconf 89' lang='lat' dir='ltr'><strong>vocatum</strong></span> <span class='ocrx_word' id='word_1_215' title='bbox 1084 3283 1134 3358; x_wconf 92' lang='lat' dir='ltr'><strong>ita</strong></span> <span class='ocrx_word' id='word_1_216' title='bbox 1163 3307 1220 3358; x_wconf 90' lang='lat' dir='ltr'><strong>me</strong></span> <span class='ocrx_word' id='word_1_217' title='bbox 1247 3283 1449 3382; x_wconf 82' lang='lat' dir='ltr'><strong>excepistis,</strong></span> <span class='ocrx_word' id='word_1_218' title='bbox 1474 3291 1516 3358; x_wconf 86' lang='lat' dir='ltr'><strong>ut</strong></span> <span class='ocrx_word' id='word_1_219' title='bbox 1542 3282 1690 3358; x_wconf 89' lang='lat' dir='ltr'><strong>salutare</strong></span> <span class='ocrx_word' id='word_1_220' title='bbox 1715 3307 1787 3359; x_wconf 91' lang='lat' dir='ltr'><strong>non</strong></span> 
     </span>
     <span class='ocr_line' id='line_1_23' title="bbox 264 3399 1820 3501; baseline 0 -25"><span class='ocrx_word' id='word_1_221' title='bbox 264 3409 337 3476; x_wconf 89' lang='lat' dir='ltr'><strong>tam</strong></span> <span class='ocrx_word' id='word_1_222' title='bbox 361 3401 528 3501; x_wconf 88' lang='lat' dir='ltr'><strong>collegam</strong></span> <span class='ocrx_word' id='word_1_223' title='bbox 556 3401 650 3476; x_wconf 91' lang='lat' dir='ltr'><strong>velut</strong></span> <span class='ocrx_word' id='word_1_224' title='bbox 674 3408 764 3475; x_wconf 91' lang='lat' dir='ltr'><strong>sorte</strong></span> <span class='ocrx_word' id='word_1_225' title='bbox 789 3399 911 3477; x_wconf 90' lang='lat' dir='ltr'><strong>datum</strong></span> <span class='ocrx_word' id='word_1_226' title='bbox 944 3400 1164 3491; x_wconf 86' lang='lat' dir='ltr'><strong>videremini,</strong></span> <span class='ocrx_word' id='word_1_227' title='bbox 1202 3416 1308 3500; x_wconf 85' lang='lat' dir='ltr'><strong>qaam</strong></span> <span class='ocrx_word' id='word_1_228' title='bbox 1340 3401 1498 3477; x_wconf 79' lang='lat' dir='ltr'><strong>futurum</strong></span> <span class='ocrx_word' id='word_1_229' title='bbox 1533 3402 1703 3494; x_wconf 86' lang='lat' dir='ltr'><strong>amicum,</strong></span> <span class='ocrx_word' id='word_1_230' title='bbox 1728 3401 1820 3478; x_wconf 83' lang='lat' dir='ltr'><strong>cui&#39;</strong></span> 
     </span>
     <span class='ocr_line' id='line_1_24' title="bbox 265 3518 1787 3619; baseline -0.003 -22"><span class='ocrx_word' id='word_1_231' title='bbox 265 3521 392 3597; x_wconf 86' lang='lat' dir='ltr'><strong>erranti</strong></span> <span class='ocrx_word' id='word_1_232' title='bbox 415 3521 559 3596; x_wconf 90' lang='lat' dir='ltr'><strong>comiter</strong></span> <span class='ocrx_word' id='word_1_233' title='bbox 580 3526 771 3596; x_wconf 88' lang='lat' dir='ltr'><strong>monstrare</strong></span> <span class='ocrx_word' id='word_1_234' title='bbox 790 3518 881 3596; x_wconf 71' lang='lat' dir='ltr'><strong>mam</strong></span> <span class='ocrx_word' id='word_1_235' title='bbox 903 3520 1046 3596; x_wconf 89' lang='lat' dir='ltr'><strong>velletis.</strong></span> <span class='ocrx_word' id='word_1_236' title='bbox 1097 3522 1178 3600; x_wconf 85' lang='lat' dir='ltr'><strong>Quo</strong></span> <span class='ocrx_word' id='word_1_237' title='bbox 1201 3519 1345 3619; x_wconf 91' lang='lat' dir='ltr'><strong>quidem</strong></span> <span class='ocrx_word' id='word_1_238' title='bbox 1365 3520 1500 3619; x_wconf 87' lang='lat' dir='ltr'><strong>gratius</strong></span> <span class='ocrx_word' id='word_1_239' title='bbox 1520 3519 1674 3594; x_wconf 87' lang='lat' dir='ltr'><strong>accidere</strong></span> <span class='ocrx_word' id='word_1_240' title='bbox 1698 3519 1787 3594; x_wconf 92' lang='lat' dir='ltr'><strong>mibi</strong></span> 
     </span>
     <span class='ocr_line' id='line_1_25' title="bbox 266 3638 1786 3742; baseline -0.002 -26"><span class='ocrx_word' id='word_1_241' title='bbox 266 3666 328 3716; x_wconf 90' lang='lat' dir='ltr'><strong>nec</strong></span> <span class='ocrx_word' id='word_1_242' title='bbox 359 3649 444 3718; x_wconf 89' lang='lat' dir='ltr'><strong>tunc</strong></span> <span class='ocrx_word' id='word_1_243' title='bbox 479 3641 670 3742; x_wconf 89' lang='lat' dir='ltr'><strong>quidquam</strong></span> <span class='ocrx_word' id='word_1_244' title='bbox 698 3639 832 3739; x_wconf 90' lang='lat' dir='ltr'><strong>potuit,</strong></span> <span class='ocrx_word' id='word_1_245' title='bbox 866 3664 929 3714; x_wconf 90' lang='lat' dir='ltr'><strong>nec</strong></span> <span class='ocrx_word' id='word_1_246' title='bbox 959 3639 1058 3715; x_wconf 83' lang='lat' dir='ltr'><strong>facile</strong></span> <span class='ocrx_word' id='word_1_247' title='bbox 1093 3638 1219 3740; x_wconf 92' lang='lat' dir='ltr'><strong>poterit</strong></span> <span class='ocrx_word' id='word_1_248' title='bbox 1244 3640 1397 3738; x_wconf 87' lang='lat' dir='ltr'><strong>posthac.</strong></span> <span class='ocrx_word' id='word_1_249' title='bbox 1448 3642 1685 3739; x_wconf 87' lang='lat' dir='ltr'><strong>Quapropter,</strong></span> <span class='ocrx_word' id='word_1_250' title='bbox 1709 3638 1786 3713; x_wconf 89' lang='lat' dir='ltr'><strong>Viri</strong></span> 
     </span>
     <span class='ocr_line' id='line_1_26' title="bbox 268 3758 1787 3860; baseline -0.001 -25"><span class='ocrx_word' id='word_1_251' title='bbox 268 3761 478 3849; x_wconf 87' lang='lat' dir='ltr'><strong>Clarissimi,</strong></span> <span class='ocrx_word' id='word_1_252' title='bbox 502 3761 652 3860; x_wconf 89' lang='lat' dir='ltr'><strong>collegae</strong></span> <span class='ocrx_word' id='word_1_253' title='bbox 675 3759 935 3858; x_wconf 88' lang='lat' dir='ltr'><strong>spectatissimi,</strong></span> <span class='ocrx_word' id='word_1_254' title='bbox 964 3759 1058 3858; x_wconf 93' lang='lat' dir='ltr'><strong>quod</strong></span> <span class='ocrx_word' id='word_1_255' title='bbox 1081 3784 1144 3858; x_wconf 92' lang='lat' dir='ltr'><strong>pro</strong></span> <span class='ocrx_word' id='word_1_256' title='bbox 1169 3768 1282 3836; x_wconf 86' lang='lat' dir='ltr'><strong>vestra</strong></span> <span class='ocrx_word' id='word_1_257' title='bbox 1302 3758 1541 3834; x_wconf 89' lang='lat' dir='ltr'><strong>benevolentia</strong></span> <span class='ocrx_word' id='word_1_258' title='bbox 1560 3758 1671 3833; x_wconf 84' lang='lat' dir='ltr'><strong>lacere</strong></span> <span class='ocrx_word' id='word_1_259' title='bbox 1695 3759 1787 3833; x_wconf 86' lang='lat' dir='ltr'><strong>ultro</strong></span> 
     </span>
     <span class='ocr_line' id='line_1_27' title="bbox 267 3876 1786 3979; baseline -0.002 -25"><span class='ocrx_word' id='word_1_260' title='bbox 267 3879 448 3978; x_wconf 87' lang='lat' dir='ltr'><strong>coepistis,</strong></span> <span class='ocrx_word' id='word_1_261' title='bbox 473 3878 511 3952; x_wconf 92' lang='lat' dir='ltr'><strong>id</strong></span> <span class='ocrx_word' id='word_1_262' title='bbox 540 3879 611 3952; x_wconf 90' lang='lat' dir='ltr'><strong>iam</strong></span> <span class='ocrx_word' id='word_1_263' title='bbox 645 3877 757 3975; x_wconf 87' lang='lat' dir='ltr'><strong>rogati</strong></span> <span class='ocrx_word' id='word_1_264' title='bbox 789 3901 868 3952; x_wconf 91' lang='lat' dir='ltr'><strong>mea</strong></span> <span class='ocrx_word' id='word_1_265' title='bbox 903 3900 1007 3952; x_wconf 89' lang='lat' dir='ltr'><strong>causa</strong></span> <span class='ocrx_word' id='word_1_266' title='bbox 1037 3901 1096 3952; x_wconf 84' lang='lat' dir='ltr'><strong>vos</strong></span> <span class='ocrx_word' id='word_1_267' title='bbox 1129 3876 1294 3976; x_wconf 90' lang='lat' dir='ltr'><strong>perficite.</strong></span> <span class='ocrx_word' id='word_1_268' title='bbox 1343 3881 1420 3979; x_wconf 86' lang='lat' dir='ltr'><strong>Ego</strong></span> <span class='ocrx_word' id='word_1_269' title='bbox 1447 3887 1565 3954; x_wconf 88' lang='lat' dir='ltr'><strong>tantae</strong></span> <span class='ocrx_word' id='word_1_270' title='bbox 1590 3878 1721 3979; x_wconf 89' lang='lat' dir='ltr'><strong>gratiae</strong></span> <span class='ocrx_word' id='word_1_271' title='bbox 1744 3885 1786 3951; x_wconf 94' lang='lat' dir='ltr'><strong>ut</strong></span> 
     </span>
     <span class='ocr_line' id='line_1_28' title="bbox 267 3996 1785 4099; baseline 0.001 -26"><span class='ocrx_word' id='word_1_272' title='bbox 267 3998 441 4073; x_wconf 85' lang='lat' dir='ltr'><strong>cumulate</strong></span> <span class='ocrx_word' id='word_1_273' title='bbox 475 3996 702 4098; x_wconf 87' lang='lat' dir='ltr'><strong>respondeam</strong></span> <span class='ocrx_word' id='word_1_274' title='bbox 736 4020 846 4095; x_wconf 89' lang='lat' dir='ltr'><strong>qaum</strong></span> <span class='ocrx_word' id='word_1_275' title='bbox 879 3996 1062 4096; x_wconf 88' lang='lat' dir='ltr'><strong>diligenter</strong></span> <span class='ocrx_word' id='word_1_276' title='bbox 1093 3996 1242 4088; x_wconf 88' lang='lat' dir='ltr'><strong>curabo,</strong></span> <span class='ocrx_word' id='word_1_277' title='bbox 1281 4005 1358 4075; x_wconf 90' lang='lat' dir='ltr'><strong>tum</strong></span> <span class='ocrx_word' id='word_1_278' title='bbox 1394 3999 1432 4076; x_wconf 91' lang='lat' dir='ltr'><strong>in</strong></span> <span class='ocrx_word' id='word_1_279' title='bbox 1465 3999 1585 4075; x_wconf 88' lang='lat' dir='ltr'><strong>officiis</strong></span> <span class='ocrx_word' id='word_1_280' title='bbox 1620 4023 1785 4099; x_wconf 89' lang='lat' dir='ltr'><strong>reponam</strong></span> 
     </span>
     <span class='ocr_line' id='line_1_29' title="bbox 268 4118 489 4208; baseline 0.005 -15"><span class='ocrx_word' id='word_1_281' title='bbox 268 4118 489 4208; x_wconf 71' lang='lat' dir='ltr'><strong>suavissimis.</strong></span> 
     </span>
    </p>

    <p class='ocr_par' dir='ltr' id='par_1_5' title="bbox 268 4234 1788 4939">
     <span class='ocr_line' id='line_1_30' title="bbox 317 4234 1786 4340; baseline -0.004 -23"><span class='ocrx_word' id='word_1_282' title='bbox 317 4239 418 4317; x_wconf 86' lang='lat' dir='ltr'><strong>Quae</strong></span> <span class='ocrx_word' id='word_1_283' title='bbox 449 4261 559 4338; x_wconf 90' lang='lat' dir='ltr'><strong>quum</strong></span> <span class='ocrx_word' id='word_1_284' title='bbox 592 4236 774 4338; x_wconf 89' lang='lat' dir='ltr'><strong>praecipue</strong></span> <span class='ocrx_word' id='word_1_285' title='bbox 809 4234 855 4312; x_wconf 89' lang='lat' dir='ltr'><strong>ad</strong></span> <span class='ocrx_word' id='word_1_286' title='bbox 885 4259 944 4310; x_wconf 91' lang='lat' dir='ltr'><strong>eos</strong></span> <span class='ocrx_word' id='word_1_287' title='bbox 969 4241 1122 4312; x_wconf 82' lang='lat' dir='ltr'><strong>vestrum</strong></span> <span class='ocrx_word' id='word_1_288' title='bbox 1161 4237 1255 4314; x_wconf 89' lang='lat' dir='ltr'><strong>dicta</strong></span> <span class='ocrx_word' id='word_1_289' title='bbox 1276 4239 1400 4328; x_wconf 82' lang='lat' dir='ltr'><strong>velim,</strong></span> <span class='ocrx_word' id='word_1_290' title='bbox 1434 4238 1644 4340; x_wconf 87' lang='lat' dir='ltr'><strong>quibusoam</strong></span> <span class='ocrx_word' id='word_1_291' title='bbox 1681 4237 1786 4314; x_wconf 87' lang='lat' dir='ltr'><strong>artior</strong></span> 
     </span>
     <span class='ocr_line' id='line_1_31' title="bbox 268 4355 1786 4458; baseline 0 -26"><span class='ocrx_word' id='word_1_292' title='bbox 268 4357 355 4432; x_wconf 92' lang='lat' dir='ltr'><strong>mihi</strong></span> <span class='ocrx_word' id='word_1_293' title='bbox 378 4358 443 4433; x_wconf 91' lang='lat' dir='ltr'><strong>erit</strong></span> <span class='ocrx_word' id='word_1_294' title='bbox 467 4383 510 4432; x_wconf 84' lang='lat' dir='ltr'><strong>ex</strong></span> <span class='ocrx_word' id='word_1_295' title='bbox 534 4356 689 4458; x_wconf 87' lang='lat' dir='ltr'><strong>cognatis</strong></span> <span class='ocrx_word' id='word_1_296' title='bbox 711 4355 835 4431; x_wconf 86' lang='lat' dir='ltr'><strong>studiis</strong></span> <span class='ocrx_word' id='word_1_297' title='bbox 862 4355 1096 4448; x_wconf 86' lang='lat' dir='ltr'><strong>necessitudo,</strong></span> <span class='ocrx_word' id='word_1_298' title='bbox 1123 4382 1206 4457; x_wconf 89' lang='lat' dir='ltr'><strong>prae</strong></span> <span class='ocrx_word' id='word_1_299' title='bbox 1231 4356 1307 4433; x_wconf 90' lang='lat' dir='ltr'><strong>aliis</strong></span> <span class='ocrx_word' id='word_1_300' title='bbox 1329 4364 1447 4434; x_wconf 83' lang='lat' dir='ltr'><strong>tamen</strong></span> <span class='ocrx_word' id='word_1_301' title='bbox 1472 4359 1593 4434; x_wconf 85' lang='lat' dir='ltr'><strong>vestris</strong></span> <span class='ocrx_word' id='word_1_302' title='bbox 1616 4357 1786 4446; x_wconf 90' lang='lat' dir='ltr'><strong>consiliis,</strong></span> 
     </span>
     <span class='ocr_line' id='line_1_32' title="bbox 268 4475 1788 4578; baseline -0.001 -26"><span class='ocrx_word' id='word_1_303' title='bbox 268 4477 358 4554; x_wconf 87' lang='lat' dir='ltr'><strong>Beki</strong></span> <span class='ocrx_word' id='word_1_304' title='bbox 379 4485 415 4553; x_wconf 89' lang='lat' dir='ltr'><strong>et</strong></span> <span class='ocrx_word' id='word_1_305' title='bbox 433 4479 589 4568; x_wconf 69' lang='lat' dir='ltr'><strong>Cebetas,</strong></span> <span class='ocrx_word' id='word_1_306' title='bbox 613 4478 736 4554; x_wconf 86' lang='lat' dir='ltr'><strong>vestris</strong></span> <span class='ocrx_word' id='word_1_307' title='bbox 758 4475 898 4552; x_wconf 92' lang='lat' dir='ltr'><strong>monitis</strong></span> <span class='ocrx_word' id='word_1_308' title='bbox 916 4477 1176 4577; x_wconf 85' lang='lat' dir='ltr'><strong>praeceptisque</strong></span> <span class='ocrx_word' id='word_1_309' title='bbox 1198 4483 1234 4552; x_wconf 90' lang='lat' dir='ltr'><strong>et</strong></span> <span class='ocrx_word' id='word_1_310' title='bbox 1254 4477 1420 4576; x_wconf 88' lang='lat' dir='ltr'><strong>indigebo</strong></span> <span class='ocrx_word' id='word_1_311' title='bbox 1439 4478 1629 4578; x_wconf 86' lang='lat' dir='ltr'><strong>plurimam</strong></span> <span class='ocrx_word' id='word_1_312' title='bbox 1651 4487 1688 4554; x_wconf 92' lang='lat' dir='ltr'><strong>et</strong></span> <span class='ocrx_word' id='word_1_313' title='bbox 1708 4485 1788 4552; x_wconf 90' lang='lat' dir='ltr'><strong>utar</strong></span> 
     </span>
     <span class='ocr_line' id='line_1_33' title="bbox 269 4596 1786 4697; baseline 0.002 -25"><span class='ocrx_word' id='word_1_314' title='bbox 269 4596 518 4678; x_wconf 89' lang='lat' dir='ltr'><strong>lubentissime.</strong></span> <span class='ocrx_word' id='word_1_315' title='bbox 568 4597 675 4676; x_wconf 87' lang='lat' dir='ltr'><strong>Quod</strong></span> <span class='ocrx_word' id='word_1_316' title='bbox 701 4596 795 4672; x_wconf 92' lang='lat' dir='ltr'><strong>enim</strong></span> <span class='ocrx_word' id='word_1_317' title='bbox 823 4596 1031 4672; x_wconf 81' lang='lat' dir='ltr'><strong>cmriculum</strong></span> <span class='ocrx_word' id='word_1_318' title='bbox 1069 4621 1135 4697; x_wconf 90' lang='lat' dir='ltr'><strong>ego</strong></span> <span class='ocrx_word' id='word_1_319' title='bbox 1165 4598 1238 4674; x_wconf 91' lang='lat' dir='ltr'><strong>iam</strong></span> <span class='ocrx_word' id='word_1_320' title='bbox 1265 4597 1459 4697; x_wconf 90' lang='lat' dir='ltr'><strong>ingredior,</strong></span> <span class='ocrx_word' id='word_1_321' title='bbox 1494 4607 1536 4673; x_wconf 90' lang='lat' dir='ltr'><strong>tu</strong></span> <span class='ocrx_word' id='word_1_322' title='bbox 1570 4598 1786 4685; x_wconf 87' lang='lat' dir='ltr'><strong>coniectum,</strong></span> 
     </span>
     <span class='ocr_line' id='line_1_34' title="bbox 269 4715 1787 4820; baseline -0.002 -26"><span class='ocrx_word' id='word_1_323' title='bbox 269 4715 380 4807; x_wconf 84' lang='lat' dir='ltr'><strong>Beki,</strong></span> <span class='ocrx_word' id='word_1_324' title='bbox 404 4717 454 4797; x_wconf 89' lang='lat' dir='ltr'><strong>ita</strong></span> <span class='ocrx_word' id='word_1_325' title='bbox 478 4716 695 4818; x_wconf 89' lang='lat' dir='ltr'><strong>percurristi,</strong></span> <span class='ocrx_word' id='word_1_326' title='bbox 720 4727 780 4806; x_wconf 92' lang='lat' dir='ltr'><strong>ut,</strong></span> <span class='ocrx_word' id='word_1_327' title='bbox 815 4715 910 4816; x_wconf 89' lang='lat' dir='ltr'><strong>qaod</strong></span> <span class='ocrx_word' id='word_1_328' title='bbox 936 4723 997 4794; x_wconf 87' lang='lat' dir='ltr'><strong>tua</strong></span> <span class='ocrx_word' id='word_1_329' title='bbox 1024 4723 1059 4794; x_wconf 89' lang='lat' dir='ltr'><strong>te</strong></span> <span class='ocrx_word' id='word_1_330' title='bbox 1095 4715 1266 4796; x_wconf 89' lang='lat' dir='ltr'><strong>modestia</strong></span> <span class='ocrx_word' id='word_1_331' title='bbox 1292 4724 1386 4796; x_wconf 87' lang='lat' dir='ltr'><strong>vetat</strong></span> <span class='ocrx_word' id='word_1_332' title='bbox 1406 4742 1487 4796; x_wconf 87' lang='lat' dir='ltr'><strong>cnm</strong></span> <span class='ocrx_word' id='word_1_333' title='bbox 1521 4727 1623 4820; x_wconf 84' lang='lat' dir='ltr'><strong>poeto</strong></span> <span class='ocrx_word' id='word_1_334' title='bbox 1649 4724 1787 4818; x_wconf 88' lang='lat' dir='ltr'><strong>septua-</strong></span> 
     </span>
     <span class='ocr_line' id='line_1_35' title="bbox 269 4835 875 4939; baseline 0.002 -26"><span class='ocrx_word' id='word_1_335' title='bbox 269 4835 411 4934; x_wconf 81' lang='lat' dir='ltr'><strong>genario</strong></span> <span class='ocrx_word' id='word_1_336' title='bbox 436 4837 479 4913; x_wconf 88' lang='lat' dir='ltr'><strong>de</strong></span> <span class='ocrx_word' id='word_1_337' title='bbox 503 4845 539 4914; x_wconf 89' lang='lat' dir='ltr'><strong>te</strong></span> <span class='ocrx_word' id='word_1_338' title='bbox 563 4837 639 4938; x_wconf 90' lang='lat' dir='ltr'><strong>ipso</strong></span> <span class='ocrx_word' id='word_1_339' title='bbox 662 4837 875 4939; x_wconf 89' lang='lat' dir='ltr'><strong>praedicare,</strong></span> 
     </span>
    </p>
   </div>
   <div class='ocr_carea' id='block_1_4' title="bbox 0 0 2494 6164">
    <p class='ocr_par' dir='ltr' id='par_1_6' title="bbox 0 0 2494 6164">
     <span class='ocr_line' id='line_1_36' title="bbox 0 0 2494 6164; baseline 0 0"><span class='ocrx_word' id='word_1_340' title='bbox 0 0 2494 6164; x_wconf 95' lang='lat' dir='ltr'><strong> </strong></span> 
     </span>
    </p>
   </div>
  </div>
 </body>
</html>
