4959 6175
562 1486 787 1549 saumones
807 1484 1093 1561 summissim,
1115 1462 1410 1549 srncrlussnsi
1415 1488 1423 1545 ι

462 1913 619 2023 Constat
654 1946 744 2021 inter
781 1972 902 2027 omnes
944 1949 1067 2025 veteris
1113 1946 1355 2046 Philosophiae
1393 1971 1463 2021 nou
1503 1970 1642 2045 prorsus
1679 1947 1836 2047 ignaros,
1953 1986 1956 1989 ·

318 2066 580 2166 antiquissimos
606 2068 815 2144 Graecorum
840 2069 1068 2169 Philosophus
1090 2068 1126 2143 in
1153 2092 1270 2143 rerum
1295 2065 1514 2165 inquisivisse
1538 2075 1717 2157 naturam,
1740 2094 1836 2145 men·

318 2196 390 2263 tem
424 2210 503 2262 vero
537 2186 726 2261 humanam
762 2210 832 2264 non
870 2190 1081 2289 explorasse,
1120 2210 1234 2284 neque
1272 2186 1318 2259 cd
1354 2186 1466 2273 riam,
1508 2210 1599 2283 quae
1639 2186 1685 2260 ad
1721 2212 1839 2263 rerum

319 2306 551 2407 cognitionem
577 2304 703 2395 ducat,
735 2306 893 2383 animum
925 2306 1127 2383 attendisse.
1178 2304 1339 2377 Socnnrr
1363 2310 1482 2378 autem
1506 2303 1710 2380 Dialectices
1740 2307 1840 2383 initia

320 2428 508 2513 debentur,
533 2448 640 2523 quam
666 2426 845 2503 excoluere
879 2434 1001 2527 postea
1027 2446 1144 2500 snare
1169 2431 1205 2499 et
1230 2444 1486 2499 nnrsconsnrs.
1536 2424 1662 2499 Pnaro
1688 2450 1710 2501 a
1734 2427 1840 2503 rebus

316 2546 353 2619 in
377 2568 500 2619 sensus
523 2543 747 2635 cadentibus,
783 2570 875 2645 quae
900 2546 1081 2622 hominum
1109 2544 1213 2643 vulgo
1238 2566 1332 2617 esse
1365 2542 1544 2632 videntur,
1571 2568 1629 2619 eas
1662 2546 1838 2639 distinxit,

317 2688 405 2763 quas
439 2664 528 2739 solas
558 2688 706 2739 revera
733 2689 827 2741 esse
851 2666 1009 2757 dicebat,
1043 2664 1202 2741 sensibus
1233 2687 1303 2737 non
1329 2662 1586 2762 percipiendas,
1620 2666 1682 2739 sed
1712 2669 1838 2743 mentis

317 2796 483 2883 tanquam
506 2782 615 2859 oculis
638 2786 932 2887 contemplandas.
981 2788 1113 2862 Eorum
1143 2792 1281 2871 antem,
1314 2782 1443 2881 quibus
1477 2784 1636 2860 universa
1660 2808 1837 2861 runcoris

319 2904 475 2981 doctrina
495 2927 564 2978 non
592 2904 770 3003 placebat,
796 2908 900 2982 multi
923 2907 1091 2983 hactenus
1116 2905 1167 2981 illi
1188 2911 1428 2993 assenserunt,
1453 2911 1494 2978 ut
1522 2911 1584 2979 aut
1607 2906 1797 3005 cognitioni
1819 2932 1839 2981 e

301 3025 534 3126 'singularum
557 3046 674 3101 rorum
698 3026 969 3105 consideratione
1000 3026 1166 3104 oriundae
1188 3026 1292 3126 longe
1315 3022 1525 3124 praeferrent
1544 3048 1641 3116 eam,
1665 3050 1755 3125 quse
1776 3028 1840 3103 soli

318 3146 461 3222 rationis
485 3145 654 3222 debeatur
674 3147 762 3239 lnei,
786 3155 848 3226 aut
873 3149 963 3226 hano
986 3173 1093 3225 unam
1115 3144 1442 3224 scientiaenomine
1466 3144 1610 3245 diguam
1633 3146 1836 3224 iudicarent.

318 3265 388 3342 Sed
410 3274 451 3342 ut
479 3289 597 3342 russo
628 3268 752 3344 statuit
782 3269 828 3346 ad
860 3293 976 3346 rerum
1006 3267 1294 3369 adspectabilium
1324 3263 1485 3340 notitiam
1520 3291 1685 3342 sensuum
1722 3293 1837 3367 perce·

319 3389 437 3487 ptione
462 3411 551 3488 opus
577 3411 671 3478 esse,
690 3388 740 3464 ita
758 3390 862 3466 etiam
888 3390 925 3465 hi
953 3413 1022 3467 non
1047 3397 1177 3490 negant
1201 3386 1371 3462 rationem
1395 3384 1625 3487 experientiae
1650 3387 1702 3461 uti
1728 3389 1837 3463 admi·

319 3509 444 3584 nieulis
468 3509 514 3584 ad
538 3508 654 3608 copias
679 3508 717 3583 in
743 3508 824 3585 sinn
848 3533 911 3585 suo
934 3509 1128 3586 reconditas
1152 3508 1189 3582 in
1213 3507 1327 3582 lucem
1350 3506 1581 3606 proferendas.

367 3629 500 3704 Omnes
523 3628 631 3728 igitur
656 3627 727 3704 fere
754 3629 792 3705 in
827 3653 869 3705 eo
892 3630 1133 3718 consentiunt,
1168 3627 1243 3702 sine
1277 3633 1436 3702 accurata
1468 3651 1583 3702 rerum
1615 3628 1837 3726 inquisitione

318 3749 405 3826 nihil
422 3749 502 3825 sciri
523 3773 642 3848 posse:
667 3773 789 3826 eorum
807 3757 927 3827 autem
946 3773 1112 3827 uumerus
1135 3749 1247 3849 magis
1268 3747 1449 3847 magisque
1467 3748 1630 3836 accrevit,
1652 3748 1715 3847 qui
1729 3748 1838 3835 viam,

318 3893 423 3966 quam
448 3868 745 3968 experientiae
770 3869 883 3946 dicere
903 3871 1072 3960 solemus,
1097 3879 1265 3970 tanquam
1287 3868 1389 3942 unice
1412 3891 1526 3944 veram
1548 3877 1837 3944 consectarentur.

319 3989 443 4086 Neque
478 3995 595 4064 tamen
634 3990 737 4067 hodie
773 3992 918 4082 desunt,
957 3991 1019 4092 qui
1058 3989 1289 4090 experientiae
1324 3995 1522 4088 opponant,
1559 4013 1666 4088 quam
1699 3989 1838 4077 dicunt,

320 4109 692 4207 speculationem,
730 4111 897 4188 rationem
935 4111 1064 4188 scilicet
1100 4119 1163 4187 aut
1195 4108 1309 4208 magis
1346 4116 1410 4182 aut
1447 4108 1549 4183 unice
1588 4108 1836 4207 philosopham.

319 4229 461 4303 Praeter
485 4251 564 4316 ecs,
601 4230 663 4328 qui
684 4230 771 4306 nihil
795 4255 915 4306 rernm
939 4238 1143 4329 certumque
1167 4228 1387 4316 existimant,
1419 4227 1489 4302 nisi
1518 4228 1614 4324 qnod
1637 4235 1700 4301 aut
1724 4228 1840 4301 sensui

319 4354 460 4422 externo
492 4348 670 4425 interuove
705 4351 894 4440 debeatur,
928 4358 991 4426 aut
1019 4350 1114 4426 iusta
1146 4348 1228 4423 inde
1257 4346 1514 4422 ratiocinatione
1547 4345 1720 4435 eliciatur,
1756 4356 1840 4421 sunt

318 4467 493 4556 nonnulli,
529 4469 591 4568 qui
624 4469 679 4545 his
717 4472 875 4547 terminis
910 4495 1026 4547 rerum
1059 4469 1238 4546 scientiam
1267 4466 1403 4541 linitam
1436 4491 1513 4542 esse
1544 4466 1675 4555 nolint,
1712 4469 1839 4542 mentis

320 4587 491 4686 propriam
513 4613 589 4664 esse
610 4573 858 4691 supellectilem
877 4591 1092 4667 arbitrantes.
1129 4588 1202 4664 Alii
1219 4610 1341 4662 rursus
1356 4585 1491 4677 omnia,
1511 4587 1641 4687 quibus
1661 4587 1839 4664 scientiam

317 4707 417 4782 nobis
437 4733 696 4809 comparamus,
721 4712 806 4813 ipsis
827 4712 933 4788 rebus
958 4735 1063 4788 sensu
1086 4709 1276 4812 perceptis,
1300 4706 1360 4784 alii
1381 4707 1549 4783 nonnulla
1567 4707 1694 4784 mentis
1714 4708 1841 4784 actioni

316 4827 527 4904 adscribunt.
