4959 6175
848 647 1127 719 ORATIO.
1729 653 1772 720 51

256 880 319 933 noa
343 878 482 957 quoque
506 856 604 932 brevi
629 854 880 947 devinciamur,
905 858 1068 959 equidem
1096 854 1336 945 lubentissime
1367 857 1593 948 contendam,
1628 882 1689 934 vos
1712 884 1772 959 pa·

255 977 339 1053 riter
361 976 448 1053 velle
469 978 615 1054 confido.
665 978 789 1076 Neque
823 978 973 1055 arduum
1007 977 1177 1077 estquod
1210 976 1418 1078 suscipimus
1449 976 1649 1077 negotium,
1686 978 1774 1053 dnm

255 1120 370 1173 meam
391 1106 473 1197 ego,
499 1121 558 1173 vor
581 1104 730 1172 vestram
751 1120 825 1171 rem
847 1104 987 1171 strenus
1013 1104 1049 1171 et
1073 1105 1270 1172 constanter
1289 1120 1445 1197 murus.
1487 1098 1565 1173 Iam
1586 1122 1666 1174 vero
1687 1100 1775 1197 quid

256 1240 335 1292 mea
358 1216 446 1292 serat
467 1216 644 1305 voluntas,
672 1215 759 1319 quid
781 1220 854 1290 toto
877 1215 984 1291 animi
1006 1215 1125 1291 ardore
1147 1216 1306 1315 cupiam,
1330 1215 1386 1290 his
1405 1215 1499 1291 Viris
1520 1217 1774 1316 Amplissimis,
1884 1251 1891 1261 ·

256 1335 338 1411 huic
361 1342 473 1411 vestro
496 1335 629 1409 Cobeto
652 1340 769 1433 aperte
790 1342 825 1408 et
846 1335 950 1434 plene
971 1359 1028 1411 me
1051 1335 1283 1411 declarantem
1303 1334 1460 1412 audistis.
1509 1337 1543 1411 A
1568 1337 1666 1413 vobis
1687 1338 1775 1438 quid

256 1461 473 1553 exspectem,
508 1454 622 1529 dicam
650 1453 885 1554 paucissimis:
921 1478 980 1544 ca,
1017 1478 1106 1553 quae
1140 1476 1277 1553 sperare
1310 1453 1355 1529 de
1391 1456 1566 1553 generosis
1589 1456 1774 1532 iuvenibus

255 1573 353 1661 licet,
378 1573 440 1672 qui
462 1572 648 1649 trahuntur
673 1581 710 1649 st
731 1574 907 1650 ducuntur
929 1574 975 1650 ad
993 1574 1199 1675 cognitionis
1221 1582 1258 1649 et
1280 1574 1442 1649 scientiae
1463 1574 1711 1673 cupiditatem,
1735 1576 1774 1650 in

257 1716 326 1792 qua
349 1691 513 1789 excellere
545 1692 731 1793 pulchrum
767 1702 912 1794 putant,
948 1692 1020 1769 labi
1053 1701 1191 1785 antem,
1223 1718 1354 1782 errare,
1389 1693 1540 1782 nescire,
1575 1694 1705 1794 decipi,
1738 1702 1775 1771 et

256 1812 454 1888 malumst
486 1820 589 1914 turpe
617 1814 752 1890 ducunt
770 1815 833 1908 64).
883 1812 995 1889 Cuius
1027 1814 1100 1913 spei
1131 1814 1257 1913 plenus
1289 1837 1355 1912 ego
1382 1813 1471 1888 viam
1503 1812 1776 1914 iudicatoque

257 1956 334 2023 eam
358 1933 562 2009 Latinarum
595 1934 773 2010 literarum
806 1933 1021 2033 aliarumque
1053 1957 1170 2009 rarum
1199 1932 1430 2032 cognitionem
1457 1940 1492 2007 et
1514 1933 1692 2009 scientiam
1716 1958 1776 2010 vos

257 2053 413 2152 assequi,
439 2061 480 2129 ut
501 2054 589 2130 mihi
612 2054 756 2154 quidem
775 2054 928 2143 videtur,
950 2053 1081 2153 optime
1101 2052 1250 2154 possitis.
1295 2055 1420 2151 Itaque
1443 2050 1508 2126 hoc
1529 2053 1638 2151 probs
1658 2060 1775 2130 tenea·

257 2172 324 2262 tis,
350 2173 422 2248 dux
456 2173 554 2247 vobis
585 2198 660 2248 esse
696 2172 790 2262 volo,
826 2173 990 2272 magister
1019 2171 1109 2246 nolo.
1159 2172 1253 2245 Nam
1276 2170 1314 2244 in
1345 2171 1545 2269 magisterio
1567 2171 1659 2246 inest
1682 2175 1778 2272 quod

256 2292 409 2367 maxime
428 2316 493 2389 ego
513 2290 710 2380 abominor,
730 2314 790 2367 vos
809 2291 930 2390 lugere
954 2298 1121 2389 tanquam
1140 2289 1373 2388 pestilentiam
1391 2287 1542 2377 debetis,
1563 2289 1779 2369 auctoritates

257 2410 362 2485 notio.
412 2410 493 2484 Non
517 2415 572 2483 est
597 2410 803 2498 auctoritas,
827 2433 941 2508 neque
962 2408 999 2483 in
1021 2407 1076 2483 his
1097 2406 1205 2483 literis
1229 2408 1401 2507 usquein
1424 2406 1577 2484 humana
1597 2409 1779 2510 disciplina

258 2528 339 2603 ulla.
389 2528 463 2603 Gur
494 2528 615 2603 istud?
639 2528 815 2628 quaeritis.
865 2527 1108 2629 Respondeam
1133 2528 1185 2605 M.
1207 2527 1314 2603 Tullii
1336 2526 1468 2617 verbis,
1495 2551 1564 2602 non
1587 2527 1670 2626 qnia
1692 2530 1780 2605 milri

259 2646 403 2723 adonius
425 2655 508 2723 sunt
530 2648 764 2747 auctoritatis,
787 2649 849 2725 sed
870 2649 952 2749 quia
971 2648 1026 2739 id,
1046 2649 1142 2749 quod
1161 2648 1235 2749 ipse
1255 2647 1390 2749 cogito,
1410 2647 1468 2723 ille
1486 2655 1579 2725 recte
1600 2651 1779 2748 expressit.

261 2765 395 2841 aObest
415 2766 622 2867 plerumque
645 2768 710 2859 iis,
736 2768 798 2869 qui
820 2768 951 2845 discere
972 2768 1112 2859 volunt,
1136 2756 1487 2859 auctoritorem,
1513 2768 1576 2868 qni
1596 2792 1634 2844 se
1658 2769 1780 2845 doecre

258 2886 483 2987 profitentur:
502 2887 668 2964 desinunt
691 2888 785 2964 enim
805 2912 909 2965 suum
931 2888 1100 2964 iudicium
1122 2888 1304 2980 adhibers;
1325 2889 1364 2965 id
1383 2889 1513 2965 habent
1531 2896 1666 2980 ratum,
1686 2890 1782 2989 qnod

259 3006 305 3082 ab
338 3030 380 3082 eo
412 3031 516 3108 quem
548 3008 698 3109 probant
734 3004 927 3085 iudicatum
965 3008 1107 3085 vident”
1131 3008 1194 3104 ὅὅ).
1244 3010 1465 3112 Quapropter
1497 3008 1628 3085 hocin
1660 3008 1782 3110 primis

260 3133 396 3219 cavete,
422 3128 692 3206 commilitones!
744 3129 869 3205 (latera
891 3127 966 3204 dies
992 3127 1153 3229 expediet
1175 3135 1211 3202 et
1235 3129 1450 3207 consuetudo
1474 3135 1601 3206 nostra.
