4959 6175
694 655 737 723 80
1291 664 1327 735 P.
1361 664 1614 733 Aturrus

695 862 896 941 diiudicare.
948 866 1095 944 Constat
1125 876 1243 944 autem
1275 871 1366 948 inter
1399 895 1537 961 omnes,
1574 895 1680 972 penca
1704 893 1792 969 quaa
1826 869 1890 945 lrac
1921 869 1965 944 dc
1988 892 2025 942 re
2047 868 2215 944 iudicium

694 992 769 1072 est,
794 1009 876 1059 eum
901 986 966 1062 hoc
989 1013 1128 1088 quoque
1147 1014 1309 1080 munere,
1333 991 1464 1066 finibus
1483 989 1742 1089 circumscripto
1763 988 1968 1064 arctioribus
1987 1013 2093 1089 quam
2114 989 2214 1062 Prae*

694 1100 826 1179 lectura
868 1107 1122 1199 Institutionis,
1158 1109 1207 1185 sic
1238 1111 1398 1187 iunctum
1435 1135 1531 1199 esse,
1568 1120 1607 1184 ut
1638 1111 1674 1183 in
1707 1133 1827 1184 eorum
1858 1109 2009 1184 uirorum
2031 1132 2214 1183 numerum

695 1220 896 1313 referretur,
933 1226 1063 1323 quibua
1089 1230 1221 1328 patriae
1250 1242 1386 1306 nostrae
1408 1230 1545 1330 gloriari
1569 1229 1697 1304 liceret.
1747 1227 1908 1304 Voltisne
1931 1228 2150 1326 exemplum,
2174 1252 2215 1302 err

695 1365 765 1439 quo
787 1344 974 1435 efficiatur,
1000 1373 1106 1446 quam
1131 1350 1200 1425 late
1222 1361 1381 1451 paterent
1405 1352 1481 1426 eius
1501 1374 1603 1425 curae
1625 1357 1661 1423 et
1682 1348 1934 1448 cogitationes?
1983 1349 2106 1423 Petam
2129 1348 2214 1422 illud

695 1485 739 1534 ex
776 1486 895 1538 earum
929 1490 1044 1543 rerum
1077 1494 1225 1569 genere,
1260 1496 1350 1572 quae
1380 1473 1497 1548 minus
1532 1478 1653 1558 notae,
1690 1492 1759 1544 non
1795 1493 1874 1542 vero
1904 1468 2079 1543 mentione
2102 1468 2215 1542 minua

698 1581 828 1681 dignae
855 1594 948 1660 sunt.
990 1588 1055 1662 Est
1077 1588 1113 1662 iu
1137 1591 1260 1666 vicinia
1286 1591 1444 1666 Harlemi
1456 1590 1605 1688 Asylum
1627 1589 1888 1677 Maniacorum,
1911 1588 2012 1664 cuius
2028 1587 2073 1662 ab
2085 1587 2214 1685 origine

695 1725 766 1776 non
796 1707 937 1800 prorsus
972 1706 1084 1782 aliena
1114 1719 1197 1784 sunt
1217 1713 1360 1788 consilia
1386 1712 1491 1787 unius
1514 1737 1533 1786 e
1558 1710 1813 1785 Professoribus
1834 1716 1973 1784 nostrae
1998 1707 2213 1783 Academiae.

695 1820 893 1896 Euroxrus
922 1823 990 1897 nisi
1014 1825 1120 1902 huius
1141 1829 1192 1903 rei
1214 1854 1333 1906 curam
1355 1831 1400 1906 ad
1422 1857 1459 1906 se
1485 1831 1656 1930 pertinere
1682 1829 1912 1904 existimasset
1933 1853 2079 1926 eamque
2102 1827 2214 1915 omni,

696 1963 767 2038 qua
792 1941 962 2040 pollebat,
986 1948 1191 2023 auctoritate
1218 1960 1254 2024 et
1274 1953 1467 2026 constantia
1489 1950 1780 2038 commendasset,
1804 1949 2032 2048 promovisset
2052 1948 2214 2046 omnique

694 2060 838 2134 arsisset
872 2064 1024 2153 ratione,
1061 2075 1192 2142 careret
1224 2069 1376 2167 prolecto
1408 2071 1519 2170 patria
1541 2080 1659 2145 nostro
1679 2069 1807 2168 Asylo,
1831 2068 1927 2169 quod
1948 2067 2052 2142 hodie
2074 2067 2213 2165 optimis

693 2192 941 2256 annumeratur
961 2185 1121 2286 Europae
1141 2190 1369 2266 Nosooomiis
2176 2199 2178 2204 ’

743 2301 852 2375 Multi
890 2304 1003 2377 erecti
1036 2314 1134 2380 erant
1169 2308 1275 2398 anni,
1317 2334 1428 2408 quum
1471 2333 1639 2384 uwrcrrro
1677 2309 1905 2384 institutionis
1941 2307 2101 2408 publicae
2134 2330 2216 2380 cura

585 2417 591 2430 ’
694 2419 833 2494 ademta
853 2429 937 2496 erat.
987 2421 1235 2502 Verumtamen
1259 2428 1405 2504 eximiae
1428 2430 1503 2504 eius
1525 2454 1641 2504 rerum
1662 2428 1949 2504 Academicorum
1973 2427 2117 2526 peritiae
2143 2450 2213 2502 me·

695 2539 837 2613 moriam
860 2547 1000 2640 tempus
1023 2567 1094 2618 non
1117 2544 1299 2624 deleuerat.
1349 2549 1462 2624 Testis
1489 2549 1557 2623 luit
1584 2573 1696 2624 annus
1720 2551 1834 2636 1849,
1860 2572 1931 2648 quo
1951 2570 2043 2621 anno
2067 2545 2215 2621 civitatis

695 2659 969 2736 moderatoribus
1001 2663 1115 2738 visum
1148 2676 1202 2740 ast
1231 2668 1354 2742 barum
1385 2693 1500 2744 rerum
1529 2668 1825 2744 emendandarum
1847 2667 1989 2742 consilia
2014 2667 2214 2740 instaurare.

695 2778 842 2852 Dudum
877 2790 958 2855 ante
977 2796 1209 2882 perspectum
1239 2795 1335 2876 eret,
1365 2787 1460 2888 regio
1481 2790 1525 2864 de
1546 2788 1771 2864 Institutione
1791 2787 1958 2888 superiori
1985 2787 2123 2861 decreto
2148 2785 2216 2858 diei

697 2900 720 2971 11
753 2898 846 2997 Aug.
882 2901 965 2975 anni
1000 2905 1093 2978 1815
1125 2906 1316 3005 plurimum
1348 2909 1392 2982 ad
1416 2909 1661 3008 perfectionem
1683 2909 1812 2984 deesse.
1864 2905 2215 2995 Hincann01828,

697 3041 837 3093 suasore
858 3041 1046 3111 nurcrro,
1071 3023 1240 3123 plurimae
1263 3027 1308 3101 ad
1329 3028 1497 3105 vanarum
1522 3029 1791 3107 Academiarum
1813 3029 1963 3105 Senatus
1985 3026 2111 3103 missae
2134 3034 2216 3100 sunt

696 3137 934 3236 quaestiones,
969 3141 1016 3215 ad
1048 3165 1136 3240 quaa
1175 3152 1216 3218 ut
1249 3154 1407 3221 accurate
1435 3147 1717 3248 responderetur,
1752 3173 1816 3226 nco
1841 3148 1988 3247 tempori
2014 3172 2079 3223 nac
2108 3144 2216 3221 labori

565 3360 568 3364 ,
697 3265 925 3355 pepercerunt
958 3259 1150 3337 Senatores.
1199 3264 1349 3340 Fructus
1382 3275 1500 3343 autem
1533 3268 1720 3366 quominus
1750 3293 1793 3343 er
1825 3269 1891 3345 hoa
1912 3268 2029 3344 labore
2055 3290 2215 3365 caperen-

697 3382 775 3465 tur,
808 3377 1063 3475 impediveruut
1087 3380 1195 3456 dubia
1218 3384 1367 3459 civitatis
1387 3396 1552 3486 tempora.
1601 3388 1650 3463 Et
1672 3398 1792 3487 postea
1817 3388 1959 3489 quidem
1982 3388 2027 3462 ad
2051 3382 2213 3460 emenda·

696 3494 801 3569 tionis
832 3497 974 3573 oonsilio
1006 3500 1117 3573 redire
1148 3501 1299 3600 placuit,
1330 3528 1449 3579 aarum
1472 3506 1503 3580 si
1524 3505 1801 3606 disquisitionem
1824 3508 2000 3608 publicam
2025 3506 2215 3604 excipimus

696 3638 778 3689 cum
800 3615 928 3691 suturis
954 3618 1163 3693 Academiae
1184 3620 1319 3696 civibus
1339 3622 1609 3714 instituendam,
1638 3627 1725 3703 nihil
1746 3629 1939 3728 quidquam
1962 3632 2216 3703 commutatum

699 3742 763 3808 est.
813 3736 883 3810 Sed
905 3760 998 3811 anno
1023 3740 1118 3813 1849
1140 3764 1219 3839 spes
1244 3740 1374 3815 affulsit
1398 3743 1548 3819 melioris
1569 3755 1722 3825 eventus.
1772 3750 1865 3825 Nam
1886 3750 2007 3823 decem
2030 3746 2114 3834 viri,
2139 3752 2213 3818 tum
2271 3732 2273 3737 ’

699 3852 893 3927 eruditione
922 3856 1076 3954 insigues
1108 3867 1185 3931 tum
1221 3860 1324 3957 periti
1353 3886 1490 3952 eorum,
1521 3890 1610 3963 quae
1636 3867 1866 3943 institutionis
1895 3865 2081 3967 superioris
2109 3861 2216 3937 indoli

698 3972 880 4045 convenire
913 3973 1094 4064 videntur,
1129 3981 1242 4076 rogati
1272 3990 1372 4069 sunt,
1404 3989 1444 4056 ut
1465 3986 1561 4082 quod
1585 3985 1665 4061 huic
1687 3987 1899 4063 institutioni
1924 3986 2115 4087 plurimum
2139 4006 2214 4081 pro·

699 4089 857 4165 loturum
890 4115 966 4166 essa
996 4108 1195 4185 censerent,
1218 4098 1256 4172 in
1278 4098 1364 4198 legis
1385 4101 1529 4179 formam
1550 4106 1746 4205 redigerent
1770 4108 1930 4207 Ragiqua
1953 4106 2126 4181 offerrent.
2177 4103 2214 4174 ln

700 4208 824 4283 horum
858 4211 1008 4286 abarum
1041 4238 1186 4290 numero
1214 4241 1401 4295 nurcxrus
1436 4222 1522 4313 luit,
1547 4225 1690 4326 ipseque
1709 4228 1882 4303 Praesidio
1904 4252 2048 4302 munere
2074 4251 2095 4298 a
2118 4224 2214 4321 Rege

698 4340 841 4403 ornatus
872 4331 1108 4434 invitatusque
1129 4344 1205 4428 est,
1240 4346 1281 4413 ut
1313 4338 1600 4419 deliberationum
1629 4346 1737 4422 socios
1763 4348 1971 4423 Harlemum
1995 4350 2214 4427 convocaret,

697 4447 947 4525 Gubernatoris
971 4455 1099 4531 aedem.

749 4566 886 4644 Horum
921 4572 1070 4649 unorum
1096 4576 1359 4653 deliberationes
1384 4603 1453 4655 non
1482 4582 1715 4659 diuturniores
1737 4610 1843 4685 quam
1866 4585 2039 4684 graviores
2064 4583 2214 4657 luerunt.

609 4754 613 4760 .
702 4688 824 4765 Quum
853 4713 990 4764 summa
1017 4718 1136 4768 earum
1165 4696 1203 4769 in
1224 4697 1311 4795 legis
1331 4697 1477 4775 formam
1502 4703 1639 4778 redacta
1662 4706 1820 4805 Regiqua
1843 4706 1966 4780 oblata
1984 4713 2077 4791 arat,
2101 4702 2137 4775 in
2163 4701 2215 4775 lu·

700 4831 774 4882 cam
794 4807 935 4905 prodiit.
984 4811 1131 4887 Nullum
1150 4825 1203 4889 est
1223 4815 1390 4906 dubium,
1415 4819 1500 4917 quin
1521 4824 1672 4899 multum
1692 4834 1842 4923 praestet
1862 4825 1987 4931 veteri,
2012 4846 2083 4922 quo
2102 4821 2216 4897 adhuc
