4959 6175
695 621 760 705 rao
1224 658 1228 664 .
1287 621 1324 688 r.
1359 620 1607 688 nrnrrnc

748 829 915 924 Iudicium
947 829 1088 904 Ordim'a
1111 827 1353 926 Philosophiae
1378 806 1595 902 ateoreliae
1619 835 1654 902 er
1676 828 1872 901 citerorum
1897 827 2155 906 Hermoniacum.
2222 883 2224 890 s

744 1067 801 1142 Ad
827 1068 1063 1167 quaestionem
1087 1092 1131 1142 ex
1154 1067 1316 1142 historia:
1355 1067 1510 1143 acritica
1527 1066 1730 1142 instituatur
1750 1065 1947 1165 disquisitio
1965 1067 2009 1142 de
2028 1091 2066 1142 m.
2090 1092 2213 1143 runnu

698 1215 715 1254 n
728 1209 919 1260 c1cnaours
955 1187 1025 1261 vita
1059 1187 1243 1286 politica‚”
1283 1177 1385 1261 Ordo'
1415 1187 1503 1262 duas
1543 1187 1676 1285 accepit
1704 1187 2030 1276 commentationes,
2064 1211 2212 1286 quarum

694 1305 801 1380 altera
820 1305 987 1404 insignita
1013 1315 1067 1380 cst
1093 1305 1205 1381 verbis
1226 1331 1436 1382 crcnaours:
1468 1307 1591 1406 equod
1616 1314 1812 1406 torpeant,
1839 1307 1895 1394 id,
1920 1307 2079 1406 quamvis
2101 1307 2212 1380 occul·

697 1454 715 1494 n
727 1432 837 1515 tetur,
871 1425 1055 1500 honestum
1093 1425 1169 1499 fieri
1194 1426 1290 1501 nullo
1317 1428 1420 1500 modo
1442 1427 1597 1525 potest,”
1623 1425 1721 1499 alteri
1747 1426 1943 1523 symbolum
1968 1435 2021 1499 est
2045 1425 2213 1500 sententia

692 1569 917 1620 cercurum:
954 1554 1032 1622 τῶν
1054 1549 1183 1623 πόνων
1203 1548 1395 1624 πωλοῦσιν
1416 1553 1512 1642 ἡμῖν
1536 1547 1663 1622 πάντα
1686 1545 1831 1646 τάγάθ’
1855 1555 1899 1622 οἱ
1922 1549 2021 1624 θεοί.

743 1667 878 1739 Neutra
915 1665 1160 1739 commentatio
1194 1667 1320 1740 Ordini
1355 1666 1512 1765 probavit
1552 1691 1628 1740 eam
1663 1665 1842 1740 iudicandi
1877 1666 2131 1766 integritatem,
2175 1673 2213 1738 nt

692 1784 845 1881 praemio
877 1807 981 1856 aureo
1012 1783 1167 1857 ornanda
1196 1784 1377 1859 videretur.
1428 1787 1465 1858 ln
1500 1785 1604 1883 priori
1634 1785 1922 1860 commentatione
1960 1785 2124 1860 acerrima
2160 1795 2212 1860 est

691 1927 802 2000 eaque
824 1909 990 2001 perpetua
1012 1925 1203 1977 crcnaonrs
1224 1905 1459 2003 reprehensio,
1486 1904 1581 1978 haud
1606 1905 1792 2003 neglectis,
1812 1930 2024 2004 quamquam
2046 1906 2211 1979 nonsatis

691 2022 887 2122 perpensis,
922 2022 1151 2096 recentiorum
1190 2023 1395 2121 scriptorum
1426 2025 1656 2123 argumentis;
1693 2024 1729 2097 in
1766 2025 1945 2124 posteriori
1977 2027 2105 2124 primas
2141 2025 2211 2125 agit

669 2168 788 2223 amor
818 2165 1125 2229 crcnson1s,non
1151 2142 1293 2240 quidem
1316 2150 1456 2230 tantus,
1482 2153 1634 2242 quantus
1657 2143 1732 2218 eius
1758 2145 1930 2219 erroribus
1961 2153 1996 2218 et
2022 2137 2113 2218 vitiis
2137 2169 2210 2242 per·

692 2262 877 2361 spiciendis
910 2261 1081 2350 affecerit,
1111 2264 1172 2336 sed
1203 2286 1275 2336 non
1308 2263 1391 2338 satis
1423 2263 1489 2336 sibi
1519 2271 1701 2351 constans,
1735 2289 1799 2338 nec
1822 2288 2029 2362 magnopere
2053 2271 2155 2362 aptus
2178 2273 2211 2336 et

691 2407 802 2456 nexus
825 2406 869 2455 ex
894 2381 1104 2480 diligentiori
1126 2389 1202 2458 tum
1226 2382 1353 2458 indolis
1377 2384 1642 2471 Ciceronianae,
1668 2391 1744 2458 tam
1774 2393 1969 2496 temporum
1996 2382 2132 2456 illorum
2160 2383 2210 2456 in·

691 2502 936 2602 vestigatione,
962 2525 1173 2600 quamquam
1200 2503 1264 2577 hac
1285 2503 1320 2576 in
1344 2513 1441 2602 parte
1463 2503 1584 2601 prioris
1604 2501 1903 2577 commentationis
1928 2503 2072 2601 scriptor
2098 2502 2211 2576 minus

691 2623 797 2696 etiam
834 2621 1009 2697 satisfecit.
1060 2622 1114 2694 Re
1150 2632 1307 2698 accurate
1338 2647 1526 2721 perpensa,
1561 2621 1696 2698 censuit
1720 2623 1816 2696 Ordo
1838 2622 2018 2720 utriusque
2040 2646 2209 2696 commen·

691 2742 830 2816 tationis
857 2726 1013 2841 scriptori
1046 2742 1245 2840 diligentiae
1272 2743 1411 2818 laudem
1438 2768 1512 2818 esse
1534 2743 1776 2831 tribuendam,
1802 2741 1863 2816 sed
1890 2766 1991 2829 eum,
2023 2742 2085 2840 qui
2111 2743 2210 2817 verba

691 2885 897 2937 erroneam
921 2863 1089 2961 opusculo
1106 2887 1170 2935 suo
1190 2862 1392 2962 adscripsit,
1417 2863 1554 2937 aemulo
1577 2870 1749 2961 praestare
1773 2862 1958 2950 iudicavit,
1984 2869 2060 2936 tum
2086 2887 2207 2937 sermo·

689 2981 745 3055 nis
767 2981 958 3080 elegantia,
982 2989 1162 3056 tumaero
1187 2982 1305 3057 critica
1329 2983 1498 3058 variorum
1521 3005 1714 3057 crcnsours
1739 2981 1893 3056 locorum
1913 2982 2166 3082 comparatione
2176 2991 2209 3058 et

691 3101 982 3200 interpretatione.
1032 3104 1134 3181 Quae
1171 3103 1314 3201 quidem
1346 3104 1470 3178 Ordini
1501 3104 1550 3179 sic
1576 3104 1800 3203 placuerunt,
1826 3108 1866 3176 ut
1891 3102 2037 3201 scriptor
2060 3104 2209 3202 praemio

691 3232 854 3321 argenteo
877 3222 1054 3297 ornandus
1075 3247 1151 3297 csse
1174 3223 1358 3299 videretur.

741 3341 851 3416 Venia
877 3343 1028 3417 scidulas
1054 3342 1258 3440 aperiendae
1288 3351 1448 3443 accepta,
1479 3368 1580 3430 mox,
1614 3341 1774 3416 instituta
1808 3340 1913 3415 etiam
1946 3340 2202 3440 disquisitione,

692 3461 890 3559 scriptorem
914 3488 990 3536 esse
1017 3462 1177 3560 apparuit
1207 3486 1440 3539 anrnrncmmr
1465 3485 1692 3539 annonarum
1718 3484 1908 3549 roonnrrra,
1943 3460 2150 3561 Theologiae
2172 3459 2207 3533 in

692 3581 883 3657 Seminario
903 3582 1404 3681 Evangelico·Lutheranorum
1429 3582 1747 3657 Amstclodamensi
1767 3578 1984 3655 Studiosum.

743 3821 802 3894 Ad
825 3822 1062 3920 quaestionem
1087 3823 1132 3897 de
1160 3822 1268 3897 literis
1297 3821 1521 3897 orientalibus
1553 3820 1784 3921 propositam:
1839 3820 2088 3917 rExponatur,
2121 3842 2208 3915 quae

697 3936 828 4011 afuerit
853 3940 990 4037 propria
1019 3939 1249 4015 tractorum
1282 3939 1501 4013 Theooratiae
1529 3938 1632 4027 ratio,
1661 3947 1706 4011 et
1736 3962 1906 4038 quaenam
1936 3938 2026 4011 inter
2058 3936 2145 4011 hanc
2172 3946 2207 4011 et

699 4057 868 4132 raliorum
889 4059 1096 4157 populorum
1117 4064 1272 4133 veterum
1290 4058 1494 4133 hierarchias
1519 4058 1622 4133 luerit
1645 4058 1837 4133 similitudo
1859 4067 1895 4132 et
1918 4056 2164 4132 dissimilitudo
2174 4060 2208 4145 ,”

696 4177 818 4251 itidem
847 4178 937 4252 duae
967 4178 1088 4253 allatae
1119 4187 1203 4252 sunt
1236 4180 1563 4267 commentationes,
1596 4202 1743 4277 quarum
1790 4203 1859 4280 upa
1896 4178 2060 4276 insignita
2100 4177 2210 4250 verbis

571 4361 575 4372 .
697 4296 755 4371 Ps.
782 4296 960 4373 CXLVII.
984 4321 1033 4373 vs.
1063 4301 1127 4386 19,
1152 4301 1216 4388 20,
1240 4300 1347 4373 altera
1372 4299 1464 4373 dieto
1492 4299 1653 4388 Paulino,
1679 4298 1724 4372 ad
1750 4298 1826 4372 Gal.
1856 4296 1918 4371 IV.
1944 4322 1991 4371 vs.
2023 4302 2055 4371 l.

748 4418 875 4491 Prioris
907 4417 1150 4518 disputationis
1184 4419 1328 4517 scriptor
1361 4416 1543 4519 diligenter
1575 4418 1818 4493 nonnullorum
1852 4416 1999 4491 virorum
2034 4416 2210 4489 doctorum

700 4536 845 4635 vestigia
864 4562 1037 4635 premens,
1056 4540 1168 4613 multa
1186 4539 1232 4613 ad
1251 4540 1488 4614 illustrandam
1509 4537 1743 4613 Israelitarum
1755 4536 2001 4611 ‘Theoeratiam
2022 4534 2210 4634 congessit;

700 4656 849 4730 aliorum
883 4680 979 4744 vero,
1008 4657 1166 4756 inprimis
1188 4657 1436 4747 recentiorum,
1462 4658 1505 4732 de
1529 4658 1704 4733 nonnullis
1724 4656 1858 4755 placitis
1880 4656 2113 4755 discrepantes
2137 4678 2212 4729 sen·

702 4776 826 4851 tentiae
847 4776 1018 4875 neglexit,
1045 4800 1134 4875 quae
1154 4776 1207 4851 vel
1230 4777 1265 4850 in
1288 4778 1369 4853 locis
1394 4778 1602 4877 quibusdam
1625 4776 1760 4853 Veteris
1780 4775 1941 4851 Foederis
1963 4774 2212 4873 ponderandis,
