4959 6175
783 789 791 809 Ι
902 687 1181 756 ORATIO.
1738 689 1801 756 105

282 899 398 984 doles,
425 895 555 994 quibus
574 893 733 969 iuvenilis
758 896 895 970 animus
919 895 1077 972 allicitur.
1126 897 1222 972 Hinc
1244 895 1371 971 civium
1392 893 1699 980 Academicorum,
1725 894 1800 990 qui-

283 1019 350 1091 bus
378 1016 533 1089 doctrina
564 1040 627 1088 sue
650 1024 686 1087 et
706 1015 891 1113 prudentia
912 1024 949 1090 et
971 1018 1142 1116 exquisito
1166 1041 1281 1092 rerum
1307 1041 1374 1090 usu
1398 1014 1638 1090 lubentissime
1666 1021 1802 1113 praesto

283 1149 377 1223 erat,
401 1159 551 1208 amorem
579 1134 647 1207 sibi
671 1143 794 1232 sponte
819 1136 1039 1233 comparavit.

334 1255 407 1329 Vos
429 1254 616 1351 compello,
642 1277 773 1327 uannrr
796 1255 974 1352 discipuli,
1000 1255 1062 1355 qui
1088 1257 1350 1331 dilectissimum
1371 1265 1524 1330 vestrum
1547 1263 1800 1353 praeceptorem

286 1375 423 1474 lugetis.
472 1374 628 1448 Profecto
659 1375 734 1446 iure
767 1375 894 1473 lugetis
924 1386 1199 1476 praeceptorem,
1222 1376 1284 1472 qui
1311 1375 1545 1450 difficillimam
1571 1375 1683 1448 tenuit
1707 1373 1801 1448 illius

286 1494 511 1570 institutionis
544 1503 672 1580 artem,
718 1519 789 1591 qua
821 1518 890 1566 non
924 1502 1062 1568 tantum
1101 1495 1164 1568 viri
1199 1495 1311 1582 docti,
1348 1495 1409 1568 sed
1438 1494 1543 1568 etiam
1566 1494 1656 1568 cives
1678 1492 1723 1565 ad
1748 1517 1801 1564 res

286 1618 374 1689 vitae
398 1614 489 1688 bene
511 1613 743 1712 procurandas
763 1612 836 1711 apti
860 1623 896 1686 et
919 1612 1043 1688 scholis
1066 1614 1282 1688 Academicis
1308 1614 1486 1712 prodeant.

334 1734 403 1807 Sed
439 1733 540 1807 nobis
570 1732 675 1806 etiam
706 1732 908 1830 gravissima
937 1732 1080 1831 lugendi
1109 1759 1213 1808 causa
1234 1744 1298 1808 est.
1349 1734 1517 1807 Uaramus
1541 1732 1637 1806 enim
1660 1731 1802 1829 Collega

287 1853 452 1939 candido,
490 1852 552 1951 qui
588 1852 760 1950 exquisita
793 1850 1008 1926 humanitate
1038 1862 1074 1926 et
1104 1853 1304 1927 affabilitate
1340 1852 1506 1926 sermonis
1540 1851 1606 1925 sibi
1628 1874 1802 1950 quemque

289 1970 504 2058 conciliabat,
529 1985 565 2046 et
592 1972 671 2045 licet
693 1995 774 2069 prae
797 1971 928 2069 ingenii
950 1972 1123 2047 alacritate
1143 1983 1283 2070 paratus
1303 1974 1347 2048 ad
1371 1973 1546 2074 agendum
1568 1982 1676 2059 esset,
1702 1996 1803 2084 pum·

290 2117 391 2190 quam
429 2103 546 2164 tamen
581 2091 627 2164 ad
663 2090 863 2164 alterutram
900 2105 1033 2188 partem
1067 2092 1262 2166 declinabat
1293 2093 1336 2167 de
1367 2094 1441 2180 via,
1465 2093 1675 2190 omninoque
1700 2115 1803 2164 suum

289 2211 412 2309 cuique
445 2210 598 2284 tribuere
630 2234 820 2308 omnesque
851 2208 939 2284 ferre
968 2236 1008 2285 ao
1041 2211 1135 2309 pati,
1160 2211 1369 2309 quibuscum
1394 2237 1464 2286 una
1486 2219 1576 2300 erat,
1603 2235 1708 2309 qnam
1729 2210 1805 2285 aliis

291 2356 327 2405 se
349 2355 555 2430 praeponere
579 2329 739 2404 malebat.
790 2332 909 2427 Atque
930 2331 1013 2404 haec
1035 2331 1152 2405 omnia
1172 2355 1213 2404 eo
1237 2331 1346 2429 pluris
1368 2331 1469 2405 nobis
1492 2339 1610 2418 erant,
1635 2355 1705 2429 quo
1731 2354 1804 2404 me·

153 2553 160 2562 ‚
291 2452 404 2525 dorem
426 2451 597 2525 ornabant
620 2451 806 2524 Ductorem
826 2450 1086 2525 Academicum.
1136 2450 1293 2524 Proiecto
1316 2475 1385 2524 non
1407 2451 1526 2524 eodem
1547 2451 1652 2538 redit,
1677 2450 1805 2548 quibus

292 2571 366 2668 quis
397 2571 553 2645 moribus
585 2580 621 2644 et
649 2570 835 2644 virtutibus
859 2570 924 2657 sit,
950 2570 1053 2644 modo
1079 2570 1125 2643 sit
1151 2569 1293 2658 doctus3
1321 2571 1382 2644 sed
1403 2571 1432 2645 si
1460 2570 1615 2644 doctrina
1637 2570 1706 2644 vim
1727 2595 1804 2669 pro·

291 2692 395 2766 movit
425 2691 588 2780 insitam,
623 2699 660 2765 et
694 2690 779 2766 recti
815 2691 930 2766 cultus
961 2691 1133 2766 roboravit
1165 2698 1305 2790 pectus,
1338 2701 1415 2766 turn
1443 2690 1558 2790 prodit
1579 2689 1687 2779 illud,
1712 2689 1806 2789 quod

292 2820 326 2883 et
360 2835 524 2910 praesens
553 2810 761 2910 suspicimus
792 2817 828 2885 et
850 2810 1010 2908 lugemus
1030 2810 1156 2886 absens
1178 2817 1284 2910 etque
1311 2819 1408 2910 grata
1432 2809 1675 2909 prosequimur
1696 2833 1805 2884 recor·

291 2931 440 3005 datione.
478 2928 553 3006 Nos
572 2955 702 3006 nanum
722 2930 831 3005 nostri
850 2936 920 3006 non
941 2931 1198 3019 obliviscemur,
1223 2940 1260 3004 et
1280 2930 1416 3028 quoties
1437 2929 1481 3004 de
1503 2927 1595 3003 bono
1614 2928 1810 3003 Professore

293 3076 407 3126 sermo
427 3050 512 3141 erit,
535 3051 633 3127 toties
660 3076 703 3126 ex
727 3051 837 3152 ipsius
858 3075 997 3152 quoqne
1018 3052 1170 3151 imagine
1192 3051 1401 3128 lineamenta
1421 3049 1494 3150 peti
1516 3048 1705 3149 apparebit.

341 3530 579 3619 Absolvimus,
603 3531 814 3620 Auditores,
839 3534 883 3608 de
908 3533 1206 3609 aestumatissimis
1229 3532 1310 3607 viris
1334 3531 1543 3630 optimisque
1562 3528 1807 3605 commilitoni·

297 3648 380 3737 bus,
403 3676 491 3748 quos
520 3676 613 3726 mors
639 3652 740 3726 nobis
772 3653 910 3751 eripuit.
960 3654 1119 3732 Quodsi
1143 3662 1317 3753 praeterea
1342 3650 1551 3725 Decentium
1579 3649 1693 3723 ordini
1720 3672 1806 3723 non·

294 3769 378 3844 nihil
408 3771 690 3846 commutationis
723 3781 799 3847 tum
826 3773 969 3847 allatum
1002 3785 1056 3848 est
1080 3784 1156 3848 tum
1181 3774 1305 3858 instat,
1339 3770 1377 3844 id
1411 3769 1550 3844 aliunde
1581 3768 1808 3868 repetendum

296 3912 368 3962 esse
392 3890 599 3987 gaudemus.
650 3891 837 3966 Nonnullis
864 3892 957 3968 enim
992 3895 1079 3969 adeo
1114 3892 1272 3967 felicibus
1306 3915 1382 3965 esse
1414 3888 1577 3988 contigit,
1613 3898 1654 3961 nt
1689 3888 1809 3962 aetatis

295 4032 421 4082 annum
446 4011 643 4109 explerent,
667 4035 738 4109 quo
764 4012 867 4086 vitam
891 4012 928 4086 in
955 4013 1109 4087 docendo
1132 4020 1334 4111 occupatam
1358 4011 1466 4084 otium
1493 4008 1622 4107 excipit
1649 4008 1808 4082 honorifi-

295 4126 543 4202 centissimum.
594 4130 637 4201 ln
662 4128 784 4202 horum
808 4152 970 4218 numero,
994 4176 1046 4191 -
1068 4132 1163 4229 quod
1185 4130 1277 4229 grati
1298 4130 1556 4230 praedicamus,
1582 4172 1631 4187 -
1656 4129 1810 4228 quinque

296 4254 377 4318 sunt
400 4235 610 4321 Academiae
631 4256 768 4322 nostrae
788 4249 1010 4325 Professores.
1050 4252 1211 4329 Quorum
1233 4250 1376 4348 quidem
1397 4248 1471 4322 Viri
1492 4246 1679 4321 Clarissimi
1701 4271 1808 4323 suna·

293 4387 390 4453 unu,
425 4389 584 4442 uonrrua
626 4379 662 4441 et
686 4392 923 4444 surcunrsnu
943 4394 1199 4474 'cnonunuoun
1231 4371 1302 4444 iam
1334 4394 1395 4467 per
1426 4368 1557 4465 aliquot
1587 4392 1696 4441 annos
1724 4368 1810 4441 rude

294 4484 428 4572 donati,
454 4494 496 4558 ut
522 4486 586 4560 diu
611 4498 732 4587 vegeta
755 4498 931 4563 senectute
958 4490 1135 4574 fruantur,
1159 4489 1379 4564 vehementer
1403 4495 1574 4585 optamus.
1625 4486 1693 4561 His
1716 4487 1811 4561 brevi

293 4602 433 4676 accedet
453 4603 675 4679 Clarissimus
695 4628 862 4695 sonuau,
886 4606 944 4681 eui
974 4608 1170 4706 nuperrime
1193 4614 1341 4683 aetatem
1371 4606 1668 4707 septuagenariam
1691 4616 1809 4705 gratu-

294 4722 355 4795 lati
378 4746 515 4801 sumus.
564 4724 634 4797 Sed
658 4724 878 4801 Clarissimus
902 4750 1017 4800 muru
1041 4751 1090 4801 nn
1114 4751 1230 4801 runnu
1254 4735 1334 4802 ante
1367 4728 1430 4802 hos
1458 4753 1585 4827 pancos
1610 4752 1747 4801 menses
1769 4751 1810 4799 eo

296 4854 348 4917 cst
370 4845 512 4920 relatus.
562 4846 748 4936 Omnium,
774 4851 836 4947 qui
863 4874 1007 4925 munere
1028 4873 1092 4923 suo
1117 4848 1329 4948 iunguntur,
1353 4848 1588 4923 Professorum
1617 4846 1810 4921 diutissime

1598 4971 1645 5041 14
