4959 6175
642 642 662 702 8
1187 642 1214 711 1.
1250 643 1289 713 Η.
1323 642 1609 712 STUFPKEN

623 898 628 909 ·
692 847 793 925 Quae
816 870 927 946 quum
957 848 1007 924 ita
1034 848 1126 938 sint,
1150 848 1318 949 cogitanti
1342 849 1449 941 mihi,
1474 849 1562 952 quid
1589 849 1811 951 potissimum
1834 850 2033 951 argumenti
2055 850 2161 952 elige·

641 988 734 1056 rem,
768 968 811 1043 de
845 992 915 1067 quo
950 968 1192 1069 magistratum
1228 968 1464 1045 academicum
1500 970 1721 1070 depositurus
1755 969 1925 1061 dicerem,
1962 996 2000 1046 se
2034 970 2164 1047 obtulit

643 1088 820 1185 quaestio,
847 1090 1062 1188 quomodo
1089 1088 1373 1189 experientia
1400 1090 1540 1165 omnis
1566 1097 1748 1167 nostroe
1770 1090 2044 1191 cognitionis
2066 1088 2164 1165 lons

644 1206 703 1281 sit
729 1206 960 1284 habendus
985 1209 1157 1285 unicus.
1208 1212 1310 1289 Quae
1334 1209 1476 1310 quidem
1509 1212 1666 1311 quaestio
1691 1218 1728 1285 et
1756 1236 1779 1286 a
1811 1233 1890 1286 mea
1920 1235 2067 1311 persona
2091 1234 2163 1285 non

644 1334 697 1402 est
720 1326 851 1417 aliena,
888 1329 992 1404 etad
1020 1354 1139 1405 omnes
1164 1328 1292 1405 ortium
1325 1328 1654 1429 disciplinarumque
1682 1328 1831 1404 cultores
1860 1330 2021 1428 pertinet.
2069 1328 2163 1419 Vos,

643 1446 835 1535 auditores,
860 1448 1001 1525 mohac
1025 1451 1068 1525 de
1091 1450 1321 1525 radicantem
1338 1448 1509 1547 moigne
1530 1474 1679 1549 quaeso,
1703 1448 1842 1537 audite,
1865 1474 1928 1548 pro
1947 1448 2164 1525 humanitate

642 1574 755 1643 vestra
780 1567 1001 1643 conniventes
1026 1569 1064 1645 in
1088 1568 1260 1645 erroribus
1286 1568 1357 1644 sive
1381 1569 1544 1658 rationis,
1574 1569 1646 1645 sive
1673 1568 1854 1657 orationis,
1885 1568 2014 1669 quibus
2038 1550 2162 1670 captus

641 1711 717 1762 esse
745 1687 1017 1788 deprenhendar.

692 1807 930 1883 Memorabam
954 1834 1035 1896 eos,
1059 1809 1120 1908 qui
1139 1807 1370 1905 experientiae
1391 1814 1573 1907 opponunt
1596 1808 1875 1906 speculationem.
1913 1808 2020 1887 Quod
2039 1807 2164 1884 attinet

644 1927 825 2015 odiham,
852 1951 921 2001 non
946 1952 1023 2002 eam
1048 1928 1126 2003 dico
1148 1926 1476 2025 experientiam
1504 1928 1575 2004 sive
1598 1930 1814 2029 dnmcpc'ar,
1838 1928 1897 2003 eui
1920 1950 2163 2003 suranornnra

643 2046 799 2121 medium
832 2046 933 2127 inter,
948 2071 1089 2122 sensum
1114 2055 1150 2121 et
1175 2053 1285 2121 artem
1317 2046 1566 2147 scientiamque
1589 2047 1703 2123 locum
1728 2048 1904 2145 attribuit,
1949 2049 2096 2139 Senem,
2120 2073 2165 2123 ex

642 2168 718 2242 eius
742 2168 933 2255 sententia,
960 2167 1167 2267 cognitionis
1192 2166 1335 2266 praebet
1356 2168 1508 2256 semina,
1533 2168 1627 2243 unde
1649 2175 1722 2243 tam
1744 2170 1909 2245 memoria
1933 2194 2041 2269 quam
2063 2192 2164 2268 expe·

641 2286 766 2362 rientia
798 2286 962 2363 nascitur.
1012 2288 1111 2361 Haec
1137 2312 1217 2362 cum
1241 2294 1314 2361 arte
1338 2295 1374 2360 et
1398 2286 1541 2362 scientia
1571 2286 1728 2362 nonnihil
1760 2288 1867 2363 habet
1886 2288 2165 2376 convenientiae,

642 2409 733 2482 inter
768 2432 805 2481 se
842 2414 959 2481 tamen
999 2406 1173 2482 differunt.
1225 2408 1320 2481 Nam
1355 2407 1566 2505 experientia
1601 2402 1646 2481 a'd
1685 2406 1822 2506 singula
1855 2414 2006 2507 spectat,
2038 2431 2094 2483 ars
2131 2415 2167 2482 et

643 2525 786 2601 scientia
806 2525 852 2600 ad
874 2525 1043 2601 universa.
1083 2525 1153 2599 Sed
1173 2525 1384 2625 experientia
1402 2526 1447 2601 ad
1468 2550 1669 2626 germanam
1689 2526 1870 2604 scientiam
1889 2529 2047 2628 perducit
2066 2552 2166 2617 enm,

643 2646 705 2747 qui
728 2672 770 2721 ea
804 2652 896 2721 reete
927 2645 1050 2721 utitur.
1101 2647 1182 2719 Non
1218 2670 1339 2745 reapse
1373 2644 1497 2744 igitur,
1534 2646 1596 2721 sed
1621 2647 1725 2721 verbo
1754 2654 1894 2723 tantum
1919 2671 2166 2727 anrsrcrsuus

642 2766 814 2865 discrepat
847 2765 977 2856 abiis,
1002 2765 1063 2866 qui
1091 2766 1194 2842 hodie
1218 2790 1359 2842 omnem
1384 2765 1563 2842 scientiam
1586 2766 1631 2841 ab
1654 2766 1866 2867 experientia
1890 2766 2080 2867 prolectam
2105 2790 2168 2842 seu

610 2973 620 2981 ‚
643 2886 842 2985 empiricam
867 2912 943 2961 esse
967 2887 1193 2962 contendunt.

691 3009 817 3108 Neque
837 3032 914 3083 eam
936 3007 1015 3083 dico
1040 3006 1410 3108 speculationem,
1434 3006 1493 3083 cui
1510 3006 1723 3107 antiquiores
1745 3032 1782 3082 se
1804 3008 1933 3084 dabant
1952 3006 2166 3108 Philosophi.

642 3127 693 3202 Hi
717 3129 810 3204 enim
829 3152 968 3203 omnem
989 3128 1234 3204 accuratiorem
1258 3152 1375 3203 rerum
1394 3127 1653 3228 indagationem
1676 3129 1741 3204 hoc
1763 3128 1902 3205 nomine
1926 3127 2166 3229 appellabant,

643 3273 683 3326 ac
705 3248 935 3348 speculari
960 3255 996 3322 et
1019 3247 1330 3349 philosophari
1354 3255 1428 3324 erat
1451 3248 1495 3322 iis
1515 3273 1656 3347 prorsus
1675 3249 1780 3348 idem.
1816 3251 1942 3325 Postea
1959 3255 2077 3324 autem
2100 3246 2166 3321 hoe

643 3367 810 3444 vocabulo
837 3367 1010 3467 designari
1035 3368 1147 3467 coepit
1169 3367 1353 3467 singularis
1379 3368 1551 3467 quaedam
1579 3368 1782 3468 disputandi
1803 3369 1943 3468 verique
1966 3365 2166 3443 inveniendi

644 3489 718 3577 via,
752 3513 858 3587 quam
882 3487 1030 3588 ingressi
1063 3513 1132 3563 non
1155 3487 1261 3563 rebus
1284 3486 1522 3587 explorandis,
1559 3489 1620 3563 sed
1654 3489 1689 3563 vi
1720 3490 1830 3566 menti
1859 3488 1964 3564 insita
1992 3487 2039 3562 ad
2067 3510 2165 3561 rarae

642 3607 805 3684 scientiae
840 3633 963 3684 areana
996 3617 1176 3709 penetrare
1208 3606 1433 3683 conabantur.
1483 3607 1703 3707 Philosophi,
1740 3609 1803 3708 qui
1836 3607 1926 3685 hano
1961 3605 2165 3681 methodum

645 3735 856 3827 sequuntur,
892 3753 1106 3828 quamquam
1138 3728 1231 3803 ultro
1261 3725 1416 3801 latentur
1445 3728 1692 3826 experientiam
1724 3728 1770 3803 ad
1803 3727 2017 3827 singularum
2049 3747 2167 3798 rerum

644 3848 876 3946 cognitionem
905 3873 981 3924 esse
1007 3848 1258 3934 necessariam,
1292 3870 1356 3920 nee
1383 3870 1502 3920 verum
1526 3871 1602 3922 esse
1626 3847 1838 3946 quidquam,
1870 3846 1966 3946 quod
1990 3844 2096 3919 rebus
2122 3866 2166 3916 ex

645 3966 709 4041 hoe
736 3973 902 4066 tanquam
925 3967 1019 4041 lente
1042 3967 1177 4041 haustis
1200 3973 1389 4065 repugnet,
1421 3964 1637 4041 contendunt
1664 3971 1780 4042 tamen
1806 3990 1875 4041 non
1897 3963 2165 4065 experientiam,

647 4085 708 4160 sed
731 4109 836 4159 unam
861 4087 1029 4160 rationem
1052 4084 1254 4183 Philosophi
1275 4109 1351 4160 esse
1373 4085 1587 4184 magistram.

695 4205 768 4284 Qui
788 4213 932 4280 naturae
955 4205 1159 4283 historiaeve
1184 4228 1221 4277 se
1249 4203 1346 4278 dedit
1370 4203 1506 4293 studio,
1529 4200 1773 4303 cognitamque
1803 4204 1908 4280 habet
1932 4203 2044 4289 dam,
2076 4222 2165 4297 quae

644 4324 681 4396 in
717 4332 864 4423 utroque
895 4325 941 4399 ad
976 4350 1093 4404 serum
1119 4323 1367 4424 reperiuudnm
1398 4323 1513 4414 ducit,
1538 4348 1602 4398 nec
1625 4332 1742 4399 tamen
1764 4324 1921 4398 animum
1949 4321 2100 4396 attendit
2120 4317 2166 4394 ad

644 4444 874 4542 cognoscendi
898 4445 1064 4545 principia
1086 4445 1237 4520 maxime
1260 4444 1450 4545 mnemia,
1475 4443 1659 4518 mirabitur
1686 4441 1848 4529 tortasse,
1873 4465 1948 4515 esse
1976 4439 2166 4539 quosdam,

646 4563 709 4661 qui
729 4562 836 4638 alium
867 4570 1002 4663 praeter
1031 4564 1277 4664 experientiam
1301 4563 1347 4639 ad
1375 4562 1608 4662 cognitionem
1633 4561 1769 4636 aditum
1790 4585 1866 4634 esse
1895 4561 1963 4635 sibi
1988 4583 2167 4659 persuase-

646 4681 734 4756 rint:
760 4682 848 4756 nihil
873 4683 966 4762 enim
997 4684 1030 4758 ei
1061 4709 1124 4783 pro
1148 4692 1241 4758 certo
1269 4683 1470 4758 habendum
1494 4705 1570 4758 esse
1594 4680 1731 4755 videtur
1754 4679 1821 4754 nisi
1843 4680 1938 4778 quod
1961 4679 2026 4753 rite
2051 4701 2166 4778 perce·

644 4809 747 4900 ptum
770 4802 1056 4903 exploratumque
1091 4804 1152 4894 sit,
1176 4810 1238 4878 aut
1260 4803 1415 4903 legitime
1439 4828 1482 4879 er
1515 4802 1579 4877 hoo
1606 4801 1706 4900 quasi
1727 4799 1822 4874 fonte
1848 4800 2051 4876 derivatum.
2101 4801 2167 4873 At·
