4959 6175
715 668 759 738 42
1263 669 1291 737 1.
1324 666 1364 737 G.
1399 666 1693 737 fluuium

718 904 782 956 suc
805 902 966 979 quemque
987 876 1142 976 uoluptas
1173 874 1348 976 Corydoni
1371 874 1551 952 tribuisset
1573 874 1718 965 rustico,
1749 878 1870 951 contra
1898 872 2049 952 bucolici
2079 873 2243 954 carminis

718 1000 832 1100 legem
846 1000 909 1092 ²⁸).
959 996 998 1071 Si
1033 1003 1150 1071 autem
1183 1019 1254 1073 non
1287 997 1353 1073 toti
1382 1003 1482 1073 crant
1505 996 1542 1071 in
1572 993 1815 1071 huiuscemodi
1840 994 1968 1095 nugis,
1991 994 2181 1071 haerebant
2202 996 2241 1072 in

719 1119 843 1196 verbis.
891 1116 1011 1217 lorgii
1046 1114 1173 1191 Licinii
1205 1116 1294 1193 liber
1320 1115 1496 1194 ferebatur
1526 1114 1698 1194 borrcudo
1729 1114 1833 1191 titulo
1874 1116 2136 1206 amomum,
2169 1138 2240 1215 quo

717 1240 771 1315 M.
797 1238 997 1314 Ciceronem
1020 1260 1144 1337 parum
1168 1236 1323 1338 integre,
1347 1236 1553 1337 improprie,
1586 1234 1840 1313 inconsiderato
1864 1234 2019 1312 locutum
2044 1260 2122 1313 esse
2147 1260 2238 1312 usse·

717 1357 865 1447 voravit,
889 1358 965 1459 ipse
985 1380 1099 1457 neque
1119 1354 1217 1433 dictu
1240 1381 1355 1459 neque
1376 1356 1502 1433 auditu
1530 1355 1638 1457 digna
1661 1361 1921 1433 commentatus
1942 1357 2007 1451 ¹⁸).
2058 1356 2136 1433 Iam
2161 1380 2238 1434 vcro

716 1502 760 1554 er
793 1477 891 1554 libris
924 1478 954 1553 si
978 1478 1024 1553 ad
1051 1476 1185 1554 soboles
1216 1475 1474 1566 concludimus,
1508 1476 1605 1575 quod
1630 1498 1709 1552 msa
1743 1474 1889 1575 quidem
1922 1476 2095 1552 sententia
2128 1476 2238 1555 lucere

717 1622 859 1698 prorsus
883 1597 983 1688 licet,
1008 1598 1132 1698 ecquid
1164 1597 1250 1673 boui
1270 1620 1456 1696 puerorum
1477 1594 1628 1695 ingeniis
1648 1620 1692 1671 ex
1715 1596 1779 1671 toli
1802 1595 2021 1673 institutione
2042 1596 2238 1675 redundmc

717 1717 855 1817 potuit?
888 1718 1025 1817 Ecquid
1043 1741 1146 1793 curae
1165 1716 1273 1793 luisse
1289 1716 1358 1791 illis
1375 1714 1550 1815 magistris
1565 1722 1789 1817 praeceptum
1808 1722 1992 1816 putemus,
2015 1723 2085 1792 eut
2103 1725 2237 1794 teneras

716 1837 830 1913 adhue
865 1846 1000 1911 mentes
1029 1860 1124 1911 mons
1159 1835 1338 1911 nutricum
1370 1834 1511 1911 mollius
1544 1835 1695 1925 olerent,
1730 1843 1767 1911 et
1803 1836 1921 1912 satiari
1955 1836 2052 1913 relat
2085 1838 2238 1937 quodam

715 1955 930 2033 iucundioris
955 1956 1156 2057 disciplinae
1182 1956 1270 2031 lacte
1292 1956 1515 2055 paterentur”
1529 1956 1607 2050 ⁸⁴)?
1654 1954 1753 2031 'Iblia
1773 1955 1860 2056 quid
1885 1957 1998 2033 valent
2018 1957 2066 2033 ad
2087 1956 2236 2058 pueriles

716 2074 849 2151 enimes
870 2075 1026 2177 pulchri,
1050 2076 1155 2167 recti,
1180 2076 1252 2151 veri
1273 2075 1428 2175 iustique
1451 2099 1560 2153 sensu
1593 2082 1729 2152 mature
1762 2076 1992 2168 imbuendos,
2016 2102 2129 2176 quoue
2157 2102 2237 2178 pos·

716 2205 800 2272 sunt
832 2196 940 2271 modo
977 2196 1114 2271 erudire
1150 2196 1424 2272 adolescentulos
1455 2196 1608 2273 adeam
1640 2220 1748 2296 quam
1773 2220 1937 2271 vocamus
1959 2195 2239 2274 humanitatem?

716 2316 770 2393 Sit
791 2316 841 2391 ita
862 2340 966 2407 sane,
990 2316 1117 2415 utqui
1138 2315 1208 2390 vim
1227 2316 1401 2417 propriam
1418 2329 1456 2393 ot
1474 2316 1761 2417 significationem
1781 2316 1981 2407 verborum,
2002 2326 2117 2395 cetera
2134 2318 2238 2395 buius

715 2436 871 2537 generis,
896 2458 967 2511 non
996 2435 1100 2535 plene
1121 2442 1285 2535 perceptu
1307 2434 1434 2511 bubeat
1458 2445 1495 2511 et
1516 2436 1674 2536 cognito,
1707 2435 1784 2511 eius
1814 2436 1910 2511 nullo
1944 2435 2056 2537 possit
2077 2462 2153 2515 csse
2183 2463 2240 2515 urs

717 2556 851 2644 critica,
878 2554 953 2629 sine
979 2579 1051 2655 qua
1079 2554 1177 2630 irrita
1205 2561 1261 2630 est
1282 2555 1397 2630 omnis
1429 2555 1634 2655 scriptorum
1665 2554 1921 2657 interpretatio,
1954 2564 2029 2633 tota
2054 2557 2241 2659 philologis

717 2676 763 2751 ad
789 2674 938 2751 nihilum
960 2674 1098 2765 recidit;
1133 2674 1196 2751 sed
1226 2674 1381 2775 primum
1404 2676 1585 2753 maturiori
1610 2675 1717 2753 aetati
1741 2677 1827 2753 haec
1858 2677 2063 2753 reservanda
2090 2686 2175 2755 sunt
2205 2685 2240 2753 et
2329 2720 2337 2735 ·

716 2794 861 2871 subacto
883 2794 996 2895 magia
1017 2793 1174 2896 ingenio,
1197 2799 1277 2871 tum
1297 2820 1378 2873 vero
1401 2795 1615 2887 carendum,
1645 2820 1692 2875 nc
1721 2798 1813 2874 mole
1844 2796 1958 2873 seduli
1990 2798 2040 2874 ita
2072 2796 2137 2874 bac
2164 2797 2242 2899 ipsa

719 2923 793 2991 arte
819 2915 1022 3004 abutamur,
1048 2924 1088 2991 ut
1119 2914 1317 2991 subsidium
1340 2923 1378 2991 ct
1403 2914 1677 2994 instrumentum
1699 2938 1807 3015 quam
1832 2916 1984 2993 maxims
2008 2916 2239 2993 necessarium

715 3059 797 3114 cum
823 3037 894 3112 fine
914 3034 1113 3112 studiorum
1136 3042 1268 3112 temere
1290 3045 1541 3137 permutemus.

767 3155 943 3238 Quoniam
967 3181 1009 3232 eo
1033 3179 1097 3232 nos
1120 3180 1177 3232 res
1200 3157 1368 3248 deduxit,
1393 3166 1433 3234 ut
1456 3155 1679 3235 attendamus

1031 3325 1331 3422 Γραμματικῶν
1353 3323 1499 3412 πλοκὰς
1522 3325 1592 3399 καὶ
1614 3318 1931 3424 λογοδαιὸαλιήν,

716 3543 786 3596 non
814 3517 1056 3620 importunum
1074 3515 1179 3594 luerit
1202 3541 1246 3594 co
1265 3517 1408 3594 consilio
1427 3517 1513 3595 baec
1532 3516 1714 3618 persequi,
1738 3525 1780 3592 ut
1800 3520 1957 3592 mutatu
1981 3520 2078 3592 caba
2100 3514 2239 3592 scholae
2263 3565 2270 3573 -

715 3639 884 3728 cancellos
904 3636 1104 3714 Iatinitatis
1122 3661 1193 3714 non
1214 3638 1459 3715 accuratiorem
1478 3639 1639 3740 quidem,
1660 3637 1723 3714 sed
1740 3636 1893 3736 aliquam
1912 3644 2029 3714 tcmm
2048 3636 2239 3712 babeamus

717 3759 896 3834 rationem.
946 3757 1030 3834 Fuit
1055 3757 1164 3861 igitur
1186 3757 1326 3834 Traiani
1356 3767 1554 3859 temporum
1579 3758 1645 3835 boc
1668 3759 1706 3834 in
1730 3757 1853 3860 primis
1875 3758 2072 3860 proprium,
2095 3763 2136 3832 ut
2159 3780 2239 3832 sen·

718 3875 826 3949 tirent
853 3875 1026 3966 Romani,
1050 3884 1263 3977 quantopere
1286 3877 1332 3954 ab
1357 3878 1450 3955 avita
1476 3878 1605 3954 virtute
1627 3878 1872 3970 desciuissent,
1905 3887 1943 3955 ct
1973 3877 2112 3978 assequi
2142 3876 2237 3955 illum

720 3993 875 4094 optimus
899 3993 1049 4092 quisque
1081 3997 1245 4073 acerrime
1271 4003 1429 4074 certaret.
1477 3998 1654 4076 Malorum
1675 3999 1821 4100 vestigia
1845 4001 1963 4100 sequi,
1983 3999 2047 4075 ubi
2070 4005 2165 4076 recto
2187 3999 2240 4074 via

717 4114 769 4190 illi
789 4112 1073 4214 praecessissent,
1099 4139 1211 4214 quum
1240 4115 1317 4192 aliis
1346 4117 1383 4194 iu
1415 4117 1522 4194 rebus
1555 4118 1837 4196 honestissimum
1867 4119 2060 4220 putabant,
2091 4124 2170 4194 tum
2202 4117 2238 4192 in

719 4222 828 4311 literis
851 4233 1121 4336 elegantioribus
1143 4236 1332 4314 studebunt
1354 4239 1606 4317 ardentissime.
1655 4239 1768 4316 Ouius
1800 4239 1943 4339 quidem
1975 4241 2029 4316 rei
2055 4238 2237 4315 consilium

719 4353 914 4446 laudabile,
937 4363 1103 4449 eventus,
1131 4356 1227 4458 quod
1256 4357 1360 4457 poulo
1391 4365 1473 4436 unte
1501 4360 1603 4459 quasi
1629 4360 1839 4459 praeteriens
1863 4360 2003 4450 notam,
2028 4358 2113 4460 quia
2138 4357 2238 4434 vertit

720 4473 893 4573 plerisque
914 4473 951 4550 in
978 4476 1136 4553 servilem
1161 4477 1392 4554 imitationem
1416 4464 1621 4571 aemulatio,
1645 4479 1771 4556 studiis
1793 4481 1880 4580 ipsis
1908 4479 2128 4556 tristissimus
2160 4476 2237 4552 luit

721 4593 832 4668 Aliud
868 4617 945 4668 csso
980 4593 1185 4674 conformari
1216 4595 1263 4672 ed
1296 4599 1494 4699 exemplum
1531 4599 1764 4699 antiquitatis,
1800 4600 1916 4692 uliud,
1951 4607 1992 4674 ut
2020 4598 2073 4674 ita
2106 4597 2238 4684 dicum,

721 4713 856 4788 simiam
884 4736 987 4811 agere
1009 4714 1251 4814 antiquorum,
1275 4717 1416 4794 Tacitus
1440 4727 1534 4796 certe
1552 4720 1738 4811 intellexit3
1760 4720 1871 4797 voluit
1898 4720 2004 4810 illud,
2028 4719 2094 4795 hoo
2122 4737 2240 4792 vercor

717 4859 763 4911 no
784 4841 965 4912 assecutus
988 4834 1034 4912 rit
1055 4835 1202 4916 Plinius.
1251 4836 1408 4916 Nea‘ros
1429 4839 1542 4942 fugit,
1564 4841 1701 4943 opinor,
1731 4841 1778 4920 Α.
1791 4841 1857 4920 Α.Ι
1881 4840 1978 4941 qnod
1999 4837 2131 4940 passim
2154 4859 2236 4913 ooo·
