4959 6175
696 666 761 736 132
1174 665 1370 734 SERIES
1403 661 1733 732 nncrlonutt.

746 875 940 952 Hmtoriam
966 874 1202 973 philosophiae
1233 875 1358 951 vetaris
1390 870 1577 974 explicabit
1608 895 1640 946 c.
1678 894 1711 948 o.
1749 892 1966 970 orzoonpn,
1999 867 2056 944 die
2093 869 2215 957 lunae,

696 995 779 1070 bore
802 994 842 1068 11
866 1001 903 1070 et
924 993 996 1070 III.

745 1114 886 1190 literas
922 1116 1073 1189 Graecae
1107 1112 1246 1189 docebit
1273 1137 1303 1190 s.
1329 1133 1514 1201 unsrun,
1545 1109 1670 1186 diebus
1703 1109 1842 1200 mertis,
1877 1108 1963 1186 iovis
1997 1107 2215 1195 cluoneda,

696 1234 781 1308 hore
801 1234 873 1322 III,
908 1231 1089 1308 tractando
1120 1232 1268 1308 Homeri
1291 1233 1468 1320 iliadem,
1494 1228 1672 1329 Sophoclis
1696 1233 1921 1330 Artemonem,
1947 1227 2103 1304 Platonis
2134 1228 2214 1302 Oca-

696 1379 829 1430 mmmm.

747 1473 844 1548 Idem
868 1471 993 1548 diebus
1016 1472 1120 1548 lunae
1138 1478 1174 1546 et
1199 1470 1379 1560 mercurii,
1405 1469 1489 1546 bora
1512 1469 1583 1560 XI,
1607 1467 1892 1570 interpretabitur
1916 1465 2167 1568 Thucydidem.

746 1592 888 1669 Literas
920 1593 1069 1667 Latinas
1101 1590 1240 1666 docebit
1275 1612 1520 1680 s.1ransrnn,
1556 1589 1681 1665 diebus
1715 1587 1854 1677 mertis,
1887 1587 1977 1663 iovis
2006 1595 2042 1663 et
2069 1585 2217 1676 veneris,

696 1710 781 1784 hora
812 1709 904 1798 XII,
942 1707 1200 1807 interpretando
1234 1707 1410 1784 Ciceronis
1442 1711 1534 1784 Actt.
1569 1711 1607 1782 im
1647 1709 1805 1798 Verrem,
1840 1705 1978 1808 Virgilii
2016 1708 2216 1797 Aeneidem,

696 1827 808 1904 Taciti
830 1828 1034 1927 Apricolram.

744 1948 977 2046 Antiquitatee
1021 1948 1172 2020 Graecae
1208 1945 1323 2020 tradet
1362 1970 1392 2022 s.
1433 1969 1622 2036 tamenn,
1670 1945 1794 2022 diebus
1835 1945 1938 2022 lunae
1970 1953 2007 2021 et
2040 1943 2218 2032 mercurii,

694 2064 779 2141 hora
802 2063 889 2140 XII.
1288 2063 1292 2070 ’

747 2186 981 2284 Antiquitatee
1007 2185 1183 2260 Romanas
1217 2184 1330 2260 tradet
1364 2210 1390 2260 1.
1416 2208 1450 2263 n.
1478 2209 1509 2262 o.
1536 2207 1699 2274 novnne,
1731 2183 1855 2258 diebus
1886 2184 2028 2273 martis,
2062 2182 2220 2260 mercurii

695 2310 730 2378 et
753 2303 857 2391 iovis,
882 2301 965 2376 hore
988 2302 1063 2391 IX,
1088 2302 1145 2378 die
1169 2303 1318 2393 veneris,
1343 2303 1427 2380 bore
1449 2304 1507 2378 1x
1531 2313 1567 2379 et
1592 2307 1634 2382 X.

746 2422 941 2497 Hiatariam
980 2423 1137 2496 Gentium
1172 2426 1388 2523 antiquaram
1423 2423 1596 2500 enarrabit
1630 2448 1655 2499 1.
1681 2449 1717 2498 e.
1743 2449 1775 2500 o.
1803 2446 1966 2512 novena,
2006 2421 2063 2497 die
2099 2421 2219 2509 lunae,

697 2541 782 2616 hore
800 2541 839 2630 Ι,
864 2547 901 2614 et
924 2539 1049 2615 diebus
1072 2541 1233 2616 mercurii
1256 2551 1292 2616 et
1313 2543 1419 2634 iovis,
1443 2542 1529 2618 horo
1551 2544 1598 2619 X.

746 2661 889 2736 Literae
922 2660 1118 2736 Hebraicae
1153 2661 1292 2736 docebit
1314 2687 1351 2740 rr.
1378 2687 1410 2740 c.
1435 2687 1603 2754 urnnrne,
1636 2671 1714 2740 tum
1736 2662 1972 2739 Grammatico
1997 2659 2219 2760 explicanda,

696 2788 775 2856 tum
799 2779 1000 2880 partetibri
1024 2782 1200 2858 Geneneos
1223 2780 1402 2882 legende,·
1426 2781 1550 2858 diebus
1575 2783 1695 2860 martis
1721 2791 1757 2859 et
1781 2783 1889 2872 iovis,
1914 2782 2000 2858 bora
2026 2781 2064 2871 Ι,
2089 2779 2220 2884 veneris

696 2900 782 2976 hore
805 2899 872 2975 IX.

748 3021 945 3097 Literaram
967 3020 1194 3097 Arabicarum
1215 3019 1316 3097 initia
1340 3022 1453 3099 tradet
1473 3048 1525 3157 m
1539 3049 1571 3101 c.
1597 3045 1767 3113 urnnrns,
1792 3020 1918 3097 diebus
1935 3021 2056 3097 martis
2078 3025 2115 3095 et
2134 3041 2220 3097 mer-

697 3138 803 3229 curii,
828 3138 913 3213 hora
932 3138 1000 3213 XI.

748 3260 982 3359 Antiquitatec
1004 3256 1248 3332 Israe‘titarum
1270 3258 1456 3360 explicabit
1484 3286 1521 3337 rr.
1548 3285 1580 3337 c.
1607 3284 1775 3351 minares,
1810 3260 1935 3337 diebus
1968 3258 2110 3350 mertis,
2135 3282 2221 3335 mer·

701 3376 788 3454 curii
811 3385 847 3453 et
869 3376 974 3466 iovis,
1000 3375 1084 3451 hore
1107 3375 1192 3453 IX.‘
2022 3368 2026 3373 ’

749 3497 841 3573 Cum
866 3494 1137 3597 provectioribus
1160 3499 1248 3573 lacos
1267 3500 1406 3575 relectae
1431 3502 1640 3599 Scriptorum
1671 3502 1925 3577 Chaldaicoram
1947 3506 1983 3575 et
2006 3502 2220 3598 &maumam

699 3616 792 3717 leget
816 3641 854 3692 a.
880 3640 913 3691 c.
938 3637 1109 3705 urnales,
1133 3615 1191 3721 die
1215 3616 1322 3707 iovis,
1347 3618 1431 3693 bora
1454 3617 1508 3708 V,
1533 3643 1569 3718 p.
1593 3643 1641 3695 m.

750 3735 789 3809 Si
811 3734 874 3835 qni
893 3735 983 3825 sint,
1004 3736 1066 3833 qui
1087 3736 1201 3815 literae
1225 3736 1388 3809 Mataicis
1405 3742 1440 3808 et
1459 3736 1637 3811 laconicis
1654 3761 1795 3836 operum
1816 3739 1898 3814 dere
1918 3738 2081 3837 cupiant,
2102 3760 2220 3813 eorum

703 3853 820 3929 studia
831 3852 1072 3947 lubentissime
1088 3852 1268 3929 adiuvabit
1286 3877 1323 3929 n.
1346 3878 1378 3929 c.
1401 3876 1569 3943 urnales,
1589 3854 1644 3930 die
1666 3856 1817 3945 veneris,
1834 3857 1919 3931 hore
1935 3855 2109 3945 V-VII,
2124 3880 2159 3955 p.·
2173 3880 2221 3933 m,

750 3971 892 4047 Literas
905 3973 1070 4067 Belgicae
1083 3980 1120 4046 et
1130 3973 1307 4048 literarum
1327 3971 1542 4069 Betqicarum
1555 3972 1750 4049 Hr'atoriam
1761 3983 1911 4073 exponet
1923 3999 1956 4051 n.
1972 4000 2008 4051 o.
2024 3998 2220 4065 mesenae,

701 4092 826 4168 diebus
850 4091 971 4180 lunae,
996 4090 1136 4180 mertis,
1161 4090 1294 4165 veneris
1319 4098 1354 4164 et
1379 4090 1530 4179 saturni,
1555 4091 1639 4166 hore
1662 4091 1710 4168 X.

750 4211 945 4311 Praecepta
976 4212 1051 4285 atili
1080 4211 1162 4285 dene
1194 4210 1329 4309 Belpici
1362 4234 1395 4286 n.
1423 4234 1456 4286 o.
1490 4234 1689 4300 vrsscnnn,
1728 4211 1852 4289 diebus
1882 4213 2006 4301 lunae,
2037 4214 2158 4288 martis
2185 4224 2219 4289 et

699 4330 847 4419 sotumi,
871 4329 956 4405 hora
977 4329 1028 4405 II.

747 4450 939 4525 Historiam
972 4450 1076 4525 medii
1089 4451 1184 4524 -aeai
1209 4456 1247 4525 et
1277 4452 1495 4525 recentiorum
1527 4458 1708 4554 temporam
1739 4475 1764 4527 1.
1797 4472 2068 4539 acrnnsnrsox,
2095 4449 2219 4527 diebus

698 4567 860 4643 mercurii
883 4576 919 4642 et
942 4568 1094 4657 veneris,
1118 4566 1203 4644 horn
1224 4568 1257 4645 1.

749 4688 942 4762 Hietomam
978 4688 1128 4762 Patriae
1163 4711 1197 4761 ι..
1232 4712 1268 4763 c.
1303 4708 1502 4775 vrescnnn,
1537 4686 1661 4763 diebus
1699 4688 1821 4777 lunae,
1856 4688 1940 4764 hora
1974 4688 2046 4779 XI,
2077 4688 2220 4779 martis,

698 4806 784 4883 hore
806 4806 897 4899 XII,
920 4803 1024 4895 iovis,
1045 4805 1131 4881 hora
1151 4802 1249 4897 XII,
1275 4806 1425 4897 saturni,
1448 4806 1531 4881 bora
1555 4808 1585 4885 I.
