4959 6175
884 733 1162 806 orario.
1729 739 1772 808 83

251 943 339 1021 nulli
367 943 573 1020 hodiernum
605 965 737 1019 morem
767 943 933 1020 Thesium
953 947 1086 1046 aliquot
1106 943 1258 1021 examini
1280 944 1597 1020 submittendernm
1621 955 1656 1020 et
1677 947 1771 1022 illins

249 1065 416 1165 temporis
438 1061 642 1140 anctoritate
671 1069 707 1138 et
732 1065 865 1164 egregii
886 1065 1020 1142 iuvenis
1043 1065 1201 1165 exemplo
1222 1065 1438 1164 comprobari
1463 1065 1649 1166 gaudeant.
1700 1067 1770 1142 Sed

252 1186 392 1261 videant
426 1208 532 1285 quem
565 1182 692 1282 exigua
729 1183 777 1258 sit
809 1187 930 1287 gaudii
962 1211 1085 1276 cansa,
1116 1194 1358 1286 quantumque
1382 1195 1533 1286 praestet
1551 1187 1589 1262 iu
1611 1209 1771 1262 uwrcrrrr

252 1449 406 1501 summos
438 1424 483 1501 iu=
506 1422 784 1522 Iurisprudentia
811 1425 957 1500 honores
981 1425 1048 1502 eibi
1075 1427 1202 1526 exiguo
1227 1436 1289 1502 aut
1312 1427 1408 1502 nullo
1430 1426 1546 1504 labore
1569 1453 1768 1528 comparan-

252 1547 315 1620 dos
347 1569 442 1634 esse,
476 1543 538 1619 sed
560 1542 726 1621 continuo
751 1545 1025 1644 Disputationis,
1050 1569 1157 1646 quem
1180 1545 1368 1644 aliquando
1387 1543 1526 1644 publice
1548 1546 1769 1638 detenderet,

252 1673 496 1766 argumentum
527 1665 596 1740 sibi
627 1663 847 1740 nectendum
883 1665 1028 1752 sumsit,
1062 1687 1133 1740 non
1166 1665 1289 1740 tritum
1316 1664 1404 1740 illud
1433 1665 1485 1740 vel
1509 1665 1597 1741 odeo
1617 1667 1705 1740 exile
1730 1678 1771 1742 ut

252 1792 347 1860 curet
378 1809 500 1872 nemo,
533 1784 595 1859 sed
626 1785 870 1883 gravissimum
895 1785 990 1860 etin
1013 1786 1125 1884 patria
1148 1792 1371 1866 nostratuno
1397 1766 1570 1886 plerisque
1599 1785 1770 1884 ignotum.

251 1905 344 1980 Nam
381 1929 552 2003 exponere
581 1904 761 1980 constitnit
795 1905 1002 1980 sententiam
1036 1904 1164 1980 Malthi
1194 1906 1239 1980 de
1264 1913 1472 2004 augescente
1492 1905 1682 1981 incolarum
1704 1929 1769 1980 nu·

252 2051 345 2101 mero
376 2027 522 2125 eiusque
549 2025 642 2100 viin
665 2025 844 2101 civitatum
866 2025 1039 2100 felicitate.
1089 2027 1133 2099 In
1157 2025 1247 2100 hauc
1270 2026 1477 2099 sententiam
1503 2025 1560 2100 ille
1584 2024 1769 2124 diligenter

251 2147 473 2248 inquisiverat
493 2167 654 2246 ‘eamque
686 2170 730 2220 er
764 2169 843 2221 uero
876 2145 1058 2220 aestimare
1091 2153 1259 2242 coeperet.
1310 2145 1380 2221 Sed
1412 2153 1554 2246 propter
1580 2147 1769 2222 novitatem

251 2266 470 2368 placitorum,
496 2289 645 2364 quorum
671 2265 776 2340 etiam
804 2265 967 2339 severitas
992 2263 1170 2340 metuebat
1191 2289 1236 2338 ne
1264 2265 1423 2363 plumbus
1444 2265 1640 2364 displiceret
1664 2291 1769 2367 quam

252 2387 396 2486 placeret
430 2387 604 2486 gravitas,
640 2385 758 2460 omnia
789 2386 857 2458 sibi
891 2386 1084 2460 accuratius
1115 2384 1325 2485 exploranda
1357 2392 1392 2459 et
1425 2386 1669 2485 perpendenda
1694 2413 1769 2464 esse

252 2507 389 2595 statuit,
422 2516 610 2604 autequam
646 2505 751 2580 huius
781 2504 957 2580 doctrinae
988 2505 1157 2603 interpres
1182 2504 1345 2604 prodiret.
1397 2505 1440 2578 In
1467 2505 1531 2578 bau
1552 2511 1671 2580 autem
1697 2529 1768 2581 me·

251 2625 415 2700 ditatiom
448 2625 602 2698 defixum
638 2623 707 2698 alio
745 2635 932 2698 evocarunt
964 2631 1161 2722 temporum
1197 2632 1384 2700 momenta.
1440 2623 1535 2700 Nam
1571 2625 1769 2700 Academiis

249 2745 367 2846 patriis
398 2770 420 2820 a
450 2744 592 2818 Francis
623 2745 927 2842 μεταμόρφωσιν
948 2743 1078 2842 parari,
1108 2743 1322 2819 'I'raieotiuce
1344 2743 1524 2819 interitum
1548 2744 1634 2819 adeo
1654 2745 1768 2820 immi·

247 2889 351 2952 nere,
386 2863 538 2963 primum
573 2862 681 2939 dubia
710 2863 821 2952 mma,
855 2889 937 2939 mox
970 2862 1107 2938 nunciis
1139 2862 1209 2939 tide
1242 2863 1358 2963 dignis
1382 2864 1526 2940 allatum
1549 2873 1621 2954 est,
1647 2889 1769 2965 quarn·

248 2982 369 3058 obrem
396 2983 497 3057 multi
519 2983 812 3084 Inrisprudentiae
834 2984 999 3073 studiosi,
1023 2983 1061 3056 in
1084 2983 1214 3084 quibus
1235 3005 1425 3061 nwrcrrrns
1448 2983 1534 3074 fuir,
1559 2985 1646 3060 nihil
1671 2987 1769 3085 prius

249 3104 470 3193 babuerunt,
503 3129 607 3203 qnam
640 3113 681 3180 ut
714 3106 903 3180 instantem
931 3106 1141 3180 Academiae
1167 3105 1301 3180 cladem
1329 3106 1496 3181 Doctores
1517 3106 1609 3181 Iuris
1637 3107 1768 3208 accipe·

249 3231 338 3300 rent.
389 3224 478 3299 ilinc
510 3223 568 3298 ille
598 3225 815 3324 temporibus
849 3234 988 3300 coactus
1020 3232 1057 3301 et
1091 3225 1222 3331 invitus
1252 3233 1288 3300 et
1317 3225 1442 3325 lugens
1474 3226 1605 3326 patriae
1630 3252 1768 3317 ossum,

249 3341 421 3417 Thesibus
450 3342 675 3417 defendendis
700 3343 849 3443 gradum
876 3344 1086 3417 Doctoratns
1109 3351 1317 3419 consecutus
1343 3352 1416 3435 est,
1442 3347 1562 3447 paucis
1588 3347 1768 3424 mensibus

248 3470 325 3537 ante
355 3463 545 3538 Decretum
578 3462 801 3563 Imperatoris
831 3463 1062 3561 Napoleonis,
1088 3486 1159 3562 quo
1181 3487 1225 3537 ex
1249 3464 1405 3565 quinque
1427 3466 1625 3541 Academiis
1648 3466 1768 3565 patriis

249 3584 425 3658 Leidensis
455 3592 594 3659 tantum
623 3594 659 3659 et
681 3582 905 3683 Groningana
926 3608 1027 3659 snum
1055 3584 1168 3658 locum
1191 3592 1382 3684 utcumque
1408 3592 1614 3679 tennerunt,
1638 3586 1765 3660 Franc-

251 3727 397 3801 qnerana
416 3711 452 3778 et
472 3703 754 3780 Herderovieena
772 3715 855 3779 sunt
876 3705 1028 3793 deletae,
1048 3703 1241 3781 Treieotina
1261 3704 1297 3778 in
1317 3708 1455 3781 secundi
1470 3707 1599 3779 ordiris
1616 3704 1763 3780 scholam

251 3832 459 3899 commutata
482 3833 546 3899 est.

294 3943 403 4017 Haud
432 3945 626 4019 iucundum
659 3952 712 4019 est
740 3944 828 4019 illud
853 3943 943 4019 vitae
969 3956 1125 4043 tempus,
1151 3968 1222 4043 quo
1247 3944 1345 4043 quis,
1370 3942 1517 4044 peractis
1539 3942 1664 4019 studiis
1686 3966 1762 4020 aca-

249 4063 406 4152 demicis,
438 4088 544 4140 snum
575 4065 612 4139 in
645 4064 783 4140 civitate
816 4066 930 4140 looum
960 4064 1095 4141 obtinet
1119 4072 1156 4139 et
1176 4072 1345 4165 tanquam
1367 4064 1405 4139 in
1428 4064 1561 4141 medias
1583 4089 1637 4139 res
1657 4064 1763 4139 eonii·

249 4184 343 4257 citur.
394 4183 510 4259 Multa
544 4208 646 4284 saepe
679 4184 856 4274 incidunt,
894 4185 940 4259 de
971 4185 1102 4285 quibus
1134 4184 1223 4260 nibil
1248 4208 1404 4286 unquam
1428 4194 1639 4261 monuerunt
1660 4180 1763 4260 Prae·

248 4314 416 4403 ceptores,
451 4305 489 4377 in
525 4304 655 4404 quibus
688 4306 872 4406 tibiipsi,
905 4306 1064 4405 ingenio,
1101 4328 1171 4379 usu
1202 4312 1310 4405 atque
1342 4304 1584 4380 exercitatione
1606 4304 1763 4381 noudum
1839 4363 1840 4369 η

247 4424 387 4500 subacto
422 4424 562 4500 relictus
601 4449 662 4515 es,
695 4434 753 4515 et,
789 4435 1097 4527 quantamcunque
1132 4424 1197 4498 tibi
1236 4424 1365 4525 parasti
1396 4422 1571 4500 doctrinae
1607 4424 1763 4524 copiam,

245 4568 389 4641 pronum
409 4555 464 4619 est
482 4544 564 4622 salli.
615 4547 733 4645 Atque
755 4547 839 4623 baec
860 4547 938 4646 ipsa
960 4546 1050 4621 vitae
1069 4544 1239 4645 practicae
1261 4543 1377 4620 studia
1398 4552 1572 4644 quantum
1596 4543 1762 4620 differunt

245 4689 341 4763 saepe
378 4664 425 4739 ab
456 4665 519 4753 iis,
555 4665 591 4742 in
629 4690 718 4765 quae
756 4666 918 4742 incubuit
947 4667 1033 4741 ciris
1062 4664 1298 4742 academicus}
1351 4664 1402 4739 Ut
1423 4665 1509 4741 haec
1531 4665 1649 4740 ieiuna
1671 4688 1760 4739 novo
1839 4712 1853 4727 =.

243 4783 381 4859 Ductori
421 4785 584 4861 videntur
615 4810 850 4888 nauseamque
885 4795 1003 4862 creant
1034 4782 1227 4860 recordanti
1260 4784 1351 4860 vitae
1384 4784 1495 4874 illius,
1529 4785 1691 4861 venetate
1724 4793 1761 4859 et

244 4904 356 5004 rigore
381 4910 418 4981 et
444 4906 628 5006 multiplici
656 4908 873 5007 ingeniorum
898 4906 1087 5009 agitatione
1106 4904 1329 5007 conspicuae!
1383 4908 1453 4981 lloo
1476 4906 1657 5004 utriusque
1680 4928 1760 4980 oon·

1499 5024 1570 5098 ll*
