4959 6175
894 705 1171 772 ORATIO.
1745 710 1786 778 97

267 913 326 988 illa
351 913 521 987 sermonis
552 910 796 986 Nederlandici
823 909 1011 987 inducendi
1034 914 1071 988 in
1094 912 1291 989 Provincias
1322 911 1529 989 Wallouicas
1554 915 1786 1014 promovenda

268 1040 304 1106 ot
333 1031 538 1106 cultioribus
567 1030 701 1106 civibus
728 1032 1012 1110 commendanda.
1061 1035 1138 1109 Iam
1165 1035 1269 1110 huius
1290 1033 1340 1108 rei
1362 1041 1400 1107 ut
1423 1032 1637 1132 amplissima
1656 1033 1785 1108 fruere-

269 1159 327 1224 tur
358 1150 637 1249 opportunitate,
671 1158 808 1226 creatus
842 1150 900 1226 ille
937 1159 991 1226 est
1021 1152 1197 1228 Professor
1227 1152 1517 1228 extraordinarius
1539 1155 1575 1227 in
1598 1153 1787 1228 Academia

269 1269 483 1344 lovaniensi.

319 1390 537 1488 Dispungere
559 1388 711 1463 rationes
736 1389 947 1465 tributorum
973 1397 1009 1464 et
1032 1390 1144 1465 vivers
1172 1391 1307 1480 Musis,
1333 1391 1417 1466 haec
1439 1395 1610 1489 quantum
1634 1393 1784 1467 distantl

271 1508 367 1580 Inter
387 1508 563 1606 pulpitum
587 1517 693 1606 atque
717 1508 918 1600 cubiculum
942 1511 1215 1585 numerariorum
1238 1518 1274 1586 el
1294 1511 1492 1586 cathedram
1519 1521 1624 1610 atque
1651 1511 1787 1586 audito·

270 1628 359 1700 rium
385 1628 635 1703 Academicum
661 1637 833 1727 quantum
861 1629 1062 1705 discrimen}

317 1747 412 1833 Nos,
436 1747 645 1836 Auditores,
670 1748 733 1845 qui
756 1770 991 1824 vrsscnnamr
1012 1748 1189 1836 novimus,
1218 1749 1476 1847 quodammodo
1512 1756 1603 1824 certe
1626 1748 1788 1848 iutelligi-

272 1888 366 1952 mus,
391 1875 523 1962 quauta
545 1889 626 1940 cum
651 1866 825 1964 voluptate
846 1867 940 1941 illinc
965 1867 1034 1942 huc
1056 1867 1239 1942 transierit.
1290 1869 1382 1943 Fieri
1403 1877 1534 1967 potest,
1562 1878 1600 1941 ut
1619 1867 1794 1941 iacturam-

272 1982 387 2057 iecerit
407 1985 458 2058 rei
479 1984 678 2072 familiaris,
709 1985 889 2060 honorario
920 1981 1051 2086 quippe
1083 1986 1205 2061 multis
1232 1987 1488 2062 Professoribus
1509 1985 1653 2085 aliisque
1679 1985 1789 2060 doctis

273 2101 350 2176 viris
375 2103 493 2177 miuus
521 2103 615 2179 lauto
640 2129 747 2203 quam
768 2106 829 2194 iis,
854 2106 917 2204 qui
939 2107 1068 2181 serario
1095 2107 1255 2205 inprimis
1280 2106 1317 2180 in
1338 2106 1473 2204 maguis
1497 2104 1642 2178 urbibus
1665 2128 1788 2179 consu·

272 2222 355 2297 lunt.
407 2224 478 2296 Sed
499 2223 586 2298 liber
607 2225 705 2317 illes
727 2222 943 2298 conferendis
962 2223 1173 2298 tributorum
1197 2223 1326 2297 tabulis
1346 2246 1534 2320 earumque
1554 2245 1669 2296 rerum
1689 2247 1788 2312 curs,

273 2365 358 2439 quae
380 2342 518 2416 nullum
544 2343 723 2442 postulant
743 2343 876 2442 ingenii
895 2366 1041 2416 acumen
1064 2342 1258 2441 meliusque
1282 2341 1386 2441 vulgo
1413 2342 1457 2415 ab
1479 2341 1523 2414 iis
1546 2340 1789 2416 administrau-

274 2462 348 2549 tur,
373 2461 503 2559 quibus
526 2462 675 2560 exiguus
702 2470 756 2536 est
783 2461 1016 2536 doctrinarum
1037 2487 1153 2550 amor,
1186 2472 1260 2536 toto
1288 2470 1424 2560 pectora
1454 2461 1490 2534 in
1518 2461 1633 2535 literas
1655 2461 1789 2535 incum-

274 2578 350 2652 bere
377 2592 523 2679 poterat.
582 2581 667 2655 Viro
701 2582 795 2657 haud
830 2582 936 2657 fruito
972 2583 1091 2671 docta,
1128 2590 1169 2657 ut
1203 2583 1321 2668 aiunt,
1360 2580 1597 2668 institutione,
1635 2587 1791 2655 veterum

273 2698 468 2796 linguarum
500 2709 638 2776 tautum
672 2726 743 2777 non
772 2702 953 2800 imperito,
986 2702 1102 2776 aditus
1131 2701 1325 2801 patefactus
1349 2700 1396 2774 ad
1427 2699 1597 2775 auditoris
1627 2699 1792 2799 antiquae

272 2814 363 2888 illius
389 2823 426 2889 et
453 2815 599 2914 inclytae
625 2817 854 2907 Academiae,
888 2824 994 2892 utet
1023 2842 1122 2894 susm
1151 2818 1226 2916 ipse
1256 2819 1412 2894 discendi
1448 2820 1542 2894 sitim
1574 2819 1727 2918 expleret
1756 2830 1793 2893 et

275 2934 431 3009 docendo
454 2936 529 3010 aliis
552 2937 740 3036 prodesset.

323 3055 553 3158 Secutisunt
583 3056 739 3158 quinque
769 3059 869 3149 suni,
898 3083 986 3159 quos
1011 3058 1102 3133 vitae
1123 3058 1383 3135 Visscherianse
1403 3066 1536 3159 partem
1559 3083 1658 3135 voees
1678 3059 1791 3159 splen·

277 3174 489 3249 didissimam
522 3182 557 3249 et
581 3176 824 3255 felicissimam.
874 3180 987 3253 Mirae
1008 3178 1140 3277 ingenii
1162 3179 1329 3254 celeritati
1350 3204 1522 3255 summam
1546 3179 1695 3279 iungens
1718 3186 1791 3255 slu-

276 3292 411 3367 diorum
433 3296 681 3384 constantiam,
707 3298 945 3396 quotidiesive
966 3299 1129 3374 Francius
1154 3299 1225 3373 sive
1247 3299 1359 3397 patria
1381 3300 1501 3398 lingua
1523 3323 1638 3373 eoram
1658 3299 1793 3397 ingenti

273 3412 397 3487 civium
418 3414 706 3492 Academicorum
725 3442 871 3492 numero
886 3419 1077 3493 disserebat
1097 3419 1141 3491 de
1161 3419 1299 3517 lingua,
1325 3417 1451 3505 literis,
1478 3417 1619 3491 historia
1640 3425 1675 3491 et
1694 3440 1790 3491 oeco-

273 3531 386 3605 nomia
415 3534 572 3632 politica,
608 3544 644 3609 et
675 3538 847 3636 quidquid
876 3538 909 3611 ei
941 3545 1119 3635 supererat
1142 3537 1323 3635 temporis,
1358 3538 1395 3611 id
1418 3535 1614 3612 conferebat
1635 3536 1681 3609 sd
1708 3536 1789 3609 scri·

273 3652 386 3727 banda
408 3656 578 3752 opuscula
602 3656 646 3729 de
670 3681 827 3731 sermone
852 3656 1115 3731 Nedsrlaudico.
1167 3658 1292 3731 Verum
1323 3666 1439 3731 tamen
1463 3655 1665 3742 consilium,
1690 3653 1790 3727 cuius

274 3797 374 3846 causa
399 3772 593 3849 lovanium
617 3785 757 3851 vocatus
781 3785 871 3865 erat,
895 3777 1031 3850 irritum
1053 3776 1125 3850 fore
1144 3775 1335 3851 videbatur.
1386 3776 1510 3850 Postea
1526 3774 1669 3849 demum
1687 3771 1790 3848 nobis

274 3890 358 3964 adeo
390 3891 551 3966 felicibus
586 3916 661 3967 esse
690 3896 853 3995 contigit,
888 3904 928 3970 ut
952 3896 1109 3994 linguam
1135 3902 1287 3970 nostram
1310 3919 1352 3969 ex
1374 3894 1498 3987 humili¹
1521 3894 1611 3982 loco,
1636 3892 1791 3991 quadiu

272 4010 309 4085 in
333 4012 457 4109 Belgio
479 4021 654 4088 contemta
678 4014 844 4105 iacuerat,
870 4042 907 4091 se
931 4016 1128 4091 efferentem
1149 4016 1374 4114 modesteque
1399 4015 1546 4088 alterum
1570 4039 1591 4088 s
1611 4012 1790 4111 peregrino

274 4154 430 4205 sermone
464 4131 576 4207 locum
614 4142 840 4234 occupantem
870 4136 1074 4210 videremus.
1124 4135 1275 4210 Seminis
1298 4144 1416 4210 autem
1441 4158 1482 4208 eo
1505 4143 1658 4230 tempore
1686 4130 1792 4206 etiam

273 4274 294 4324 a
313 4274 517 4325 vrsscnnso
538 4254 647 4351 sparsi
666 4254 823 4329 nonnihil
842 4247 1069 4343 maturuisse,
1090 4254 1242 4351 proiecto
1257 4279 1326 4331 non
1344 4264 1397 4329 est
1413 4253 1593 4327 temeraria
1607 4251 1790 4326 sententia.
1933 4310 1937 4317 .

320 4372 428 4445 Anno
464 4374 578 4460 1831,
612 4373 797 4449 immutata
827 4374 863 4448 iu
897 4374 1019 4472 Belgio
1049 4372 1197 4446 civitatis
1221 4372 1329 4460 facie,
1363 4394 1586 4447 vrssonnsus
1615 4378 1793 4446 unacum

272 4488 348 4563 aliis
381 4491 595 4565 nostratibus
626 4492 862 4569 Professorum
899 4492 1169 4567 Traiectinorum
1200 4492 1312 4565 ordini
1341 4490 1526 4565 adiunctus
1552 4498 1615 4566 est.
1667 4490 1792 4589 Neque

272 4616 390 4682 umen
430 4609 595 4684 continuo
631 4636 715 4687 auae
741 4612 775 4687 ei
807 4613 946 4712 publice
969 4612 1041 4686 dari
1071 4620 1260 4711 potueruut
1282 4609 1430 4684 dooendi
1454 4617 1579 4710 partes.
1630 4610 1793 4685 Triennio

272 4726 418 4803 demum
449 4740 530 4827 post
557 4730 595 4803 in
621 4754 742 4805 anam
765 4756 929 4807 sruousu
960 4731 1073 4806 locum
1100 4730 1275 4805 Professor
1305 4730 1414 4805 lactus
1442 4737 1495 4805 ast
1522 4728 1794 4819 Ordinarius3s

271 4870 344 4943 qno
378 4856 535 4947 tempore
565 4848 764 4946 historiam,
800 4851 957 4952 linguam
990 4859 1026 4927 et
1057 4851 1173 4928 literas
1202 4850 1330 4952 patrias
1366 4852 1552 4951 quotannis
1586 4850 1794 4926 Academiae

1554 4972 1599 5043 13
