4959 6175
874 660 1153 729 ORthO.
1756 668 1798 734 99

279 871 456 959 deflectat,
487 877 627 944 atvero
652 867 782 943 dubius
809 892 911 967 saepe
942 868 1079 957 haeret,
1111 893 1182 968 quo
1212 894 1249 945 se
1272 869 1434 946 conferat.
1484 869 1734 948 Verumtamen
1766 875 1797 948 si

279 997 358 1089 post
377 989 489 1064 varios
511 1013 613 1065 casus
637 997 674 1064 et
696 996 749 1062 tot
771 988 970 1064 discrimina
988 1013 1105 1064 rerum
1127 990 1306 1090 inceptum
1328 991 1394 1067 iter
1416 992 1568 1092 peregit,
1594 999 1673 1068 tum
1696 1016 1815 1070 vero:-

281 1119 462 1210 qaantum,
492 1107 676 1206 inquiunt,
701 1116 849 1183 mutatus
874 1111 918 1184 ab
939 1111 1020 1183 illc!
1069 1110 1116 1183 nt
1136 1135 1219 1184 sane
1244 1111 1409 1209 plurima,
1434 1136 1525 1209 quae
1552 1113 1678 1212 vulgus
1700 1101 1811 1214 pere-¹

282 1230 494 1329 grinatorum
530 1251 602 1302 non
638 1227 897 1316 animadvertit,
929 1227 965 1302 in
1003 1227 1113 1326 ipsius
1146 1227 1262 1302 animo
1297 1229 1397 1326 quasi
1432 1229 1613 1328 signarunt
1647 1232 1797 1330 speciem

284 1373 397 1424 suam.
454 1347 591 1435 Habet,
629 1372 700 1446 quo
734 1346 780 1422 ab
814 1348 890 1422 aliis
925 1346 1095 1440 distingui
1127 1373 1337 1447 prorsusque
1372 1373 1457 1424 suus
1495 1373 1570 1424 esse
1604 1361 1795 1426 censeatur.

284 1467 388 1548 Quod
423 1474 538 1542 tumen
577 1467 679 1542 unice
715 1467 938 1542 tribuendum
969 1475 1023 1541 est
1047 1467 1296 1571 repercussioni
1319 1467 1532 1568 imaginum,
1565 1493 1655 1566 quae
1678 1495 1797 1546 secum

280 1588 426 1662 invicem
458 1587 726 1664 commiscentur
756 1597 792 1662 et
814 1596 939 1661 mutuo
961 1611 998 1661 se
1021 1593 1098 1661 tum
1122 1587 1297 1663 illustrant
1323 1596 1399 1663 tum
1421 1590 1617 1665 obscurant.
1667 1590 1796 1688 Imagi-

280 1733 341 1784 nes
377 1708 455 1782 dioo
487 1733 604 1783 rerum
638 1708 873 1795 infinitarum,
908 1706 941 1780 ei
971 1707 1008 1780 in
1037 1706 1160 1780 itinere
1195 1707 1388 1783 oblatarum
1415 1733 1502 1807 quas
1540 1708 1638 1783 unice
1660 1733 1701 1783 ea
1722 1709 1798 1783 luce

279 1828 495 1903 collustratus
531 1828 634 1916 vidit,
658 1853 749 1926 qna,
771 1853 815 1902 ex
837 1827 912 1902 loco
934 1826 1199 1926 peregrinaturis
1222 1828 1379 1902 nonnihil
1403 1828 1546 1903 fortuito
1574 1837 1797 1926 conspectae,

282 1948 459 2046 splendere
483 1947 692 2023 debuerunt.

328 2067 544 2142 Huiusmodi
569 2066 804 2169 peregrinator
829 2090 1052 2142 vrsscasncs
1076 2067 1113 2140 in
1142 2091 1265 2166 campo
1295 2066 1468 2140 doctrinae
1497 2065 1575 2140 luit.
1627 2065 1797 2140 Memoria

280 2186 477 2261 firmissima
511 2186 711 2287 praeditus,
743 2187 864 2260 ardore
894 2194 930 2260 et
955 2185 1158 2261 assiduitate
1183 2185 1314 2260 nemini
1340 2185 1485 2272 cedens,
1510 2185 1684 2282 nullisque
1707 2185 1800 2260 ciffi·-

281 2306 468 2382 cultetibns
494 2306 680 2380 deterritus
699 2331 721 2382 a
744 2306 938 2405 proposito,
962 2305 1036 2380 sine
1064 2306 1214 2380 ducibus
1237 2329 1299 2404 per
1322 2303 1410 2378 hano
1433 2303 1609 2402 regionem
1635 2302 1800 2402 prooessit

284 2425 418 2525 sibique
439 2425 619 2526 ingentem
644 2426 853 2524 comparavit
875 2450 992 2500 rerum
1016 2426 1160 2524 cognitu
1181 2424 1465 2524 dignissimarum
1490 2422 1635 2523 copiam.
1666 2423 1799 2498 ¹Num,

281 2571 385 2646 qnam
420 2544 594 2644 acquievit
624 2545 662 2621 in
696 2543 989 2642 contemplatione
1024 2543 1178 2618 locorum
1212 2567 1232 2616 e
1272 2541 1396 2615 vertice
1429 2541 1577 2630 montis,
1611 2565 1724 2640 neque
1748 2541 1798 2616 ⁴in

279 2675 422 2742 nsturae
454 2667 635 2742 maiestate
665 2691 688 2740 e
717 2665 908 2765 longinquo
943 2663 1123 2738 intuenda.
1172 2660 1242 2736 Sed
1273 2662 1347 2736 loca
1378 2660 1438 2736 illa
1467 2684 1573 2761 prope
1606 2661 1797 2760 adspicere,

278 2787 416 2874 omnia,
441 2811 513 2884 qno
535 2786 653 2862 oculos
668 2792 902 2872 converterat,
926 2782 1127 2882 singulatim
1141 2781 1383 2880 contemplari,
1407 2780 1564 2856 amnium
1589 2790 1625 2855 et
1647 2781 1800 2856 rivorum

279 2905 449 2980 flexiones
470 2905 628 3004 persequi
648 2906 695 2982 ad
714 2906 866 2993 iontem,
889 2903 1056 3002 dispicere
1075 2902 1248 3002 sylvarum
1269 2901 1408 2977 arbores
1430 2909 1465 2975 et
1485 2899 1663 2989 fruticeta,
1686 2925 1797 3000 aquae

278 3024 372 3103 inter
405 3026 605 3127 praecipitas
639 3027 798 3127 scopulos
832 3023 966 3101 ruentis
1002 3021 1119 3099 radios
1150 3029 1188 3097 et
1223 3028 1363 3122 guttas,
1401 3020 1485 3096 haec
1520 3020 1553 3095 ei
1589 3019 1625 3095 in
1662 3020 1794 3097 delicds

281 3146 435 3221 luerunt.
1094 3182 1099 3185 ·
1221 3168 1227 3174 ’

329 3265 435 3340 Hanc
457 3265 657 3365 singulatim
683 3290 844 3365 quaeque
866 3262 1071 3339 attendendi
1092 3268 1129 3336 et
1150 3259 1381 3361 persequendi
1400 3260 1570 3337 rationem
1592 3284 1795 3336 ursecnsso

279 3384 499 3482 potissimum
529 3386 638 3461 menti
663 3385 880 3461 obversatam
906 3409 1001 3474 esse,
1035 3381 1307 3457 luculentissime
1335 3379 1495 3480 apparuit
1515 3380 1551 3454 in
1577 3380 1652 3455 eins
1682 3380 1797 3455 studio

279 3503 440 3579 historiae
471 3506 614 3604 patriae.
664 3506 751 3579 Eius
781 3504 946 3579 memoria
967 3510 1085 3578 custos
1106 3501 1275 3576 fidissima
1307 3508 1380 3573 erat
1404 3498 1664 3575 innumerorum
1689 3499 1795 3573 facto·

280 3647 373 3711 rum,
399 3648 490 3721 quae
514 3624 644 3699 multos
665 3624 956 3723 historiographos
988 3630 1052 3697 aut
1081 3622 1224 3722 fugiunt
1244 3627 1306 3695 sut
1325 3645 1465 3719 prorsus
1487 3620 1612 3707 latent,
1637 3626 1692 3708 et,
1716 3618 1796 3694 licet

281 3766 340 3841 per
363 3768 400 3817 se
424 3744 544 3818 tenuia
572 3744 751 3833 dicantur,
783 3769 852 3818 non
884 3754 1001 3817 tamen
1033 3742 1162 3817 nullius
1195 3749 1278 3816 sunt
1308 3740 1497 3828 momenti,
1522 3740 1687 3839 qnoniam
1708 3764 1794 3814 una·

283 3867 439 3958 quaeque
470 3846 614 3936 historia
644 3870 779 3937 constat
805 3860 1088 3936 eaoniunctione
1115 3884 1231 3935 rerum
1260 3860 1493 3959 singularum,
1526 3884 1675 3957 quarum
1710 3860 1798 3934 nulli

283 4002 343 4053 sua
363 3979 475 4053 defuit
495 3980 547 4055 ris
573 3981 729 4057 adhunc
755 3981 988 4057 conditionem
1011 3980 1223 4081 pariendum.
1271 3980 1442 4055 Novimus
1464 4002 1658 4055 vrsscnnar
1678 3978 1794 4053 lectio·

282 4122 342 4172 nes
366 4107 442 4173 tum
470 4100 695 4175 Academicus
720 4108 795 4175 tum
821 4101 994 4200 publicas,
1019 4100 1157 4199 saepius
1178 4124 1241 4199 pro
1263 4100 1436 4201 frequenti
1457 4100 1620 4175 concione
1642 4098 1795 4188 habitas,

282 4219 414 4293 animos
446 4219 646 4295 auditorum
674 4220 864 4320 plurimum
896 4219 1059 4295 tenuisse.
1108 4219 1154 4294 Id
1180 4228 1299 4295 eutem
1329 4246 1389 4296 eae
1416 4220 1637 4318 potissimum
1666 4218 1796 4293 debue-
1845 4222 1846 4225 ’

283 4347 361 4413 runt
395 4339 564 4414 mentioni
593 4340 767 4415 nullorum
797 4364 867 4414 non
900 4341 994 4414 illius
1018 4340 1154 4439 generis
1179 4340 1370 4427 sactorum,
1404 4362 1493 4437 quae
1516 4362 1580 4413 neo
1601 4339 1736 4439 provisa
1760 4347 1795 4415 et

283 4464 359 4557 apte
386 4458 517 4533 inserta
539 4460 702 4533 omnibns
726 4460 946 4535 admirationi
974 4468 1090 4547 erant,
1123 4484 1233 4556 eoque
1260 4457 1372 4558 magis
1394 4458 1591 4558 placebant,
1617 4484 1687 4558 quo
1714 4484 1794 4534 acu-

284 4575 350 4649 tius
379 4585 513 4665 crator,
548 4578 723 4678 leporibus
757 4587 793 4656 et
824 4579 955 4656 facetiis
986 4579 1147 4668 affluens,
1182 4604 1298 4653 severa
1334 4578 1546 4653 exhilarabat
1581 4584 1617 4653 et
1651 4580 1796 4655 ornabat

283 4695 380 4770 exilia
400 4705 509 4796 atque
531 4698 637 4792 arida.
879 4715 882 4719 ‘

326 4815 436 4891 Haud
450 4808 542 4893 raro
565 4822 684 4895 mmen
715 4819 886 4920 analytica
907 4818 985 4909 illa,
1018 4844 1090 4919 qua
1114 4842 1338 4897 rrsscnnaus
1363 4819 1614 4909 delectabatur,
1636 4819 1796 4896 historiae

261 4935 271 4940 ’
1569 4938 1643 5012 13*
