4959 6175
904 691 1182 764 cultro.
1761 691 1803 755 25

283 918 400 989 tamen
421 913 475 985 eat
492 905 680 983 liberalitas
710 908 940 997 Cunctorum,
976 903 1038 1004 qui
1062 911 1103 978 ut
1124 902 1292 977 librorum
1316 897 1556 974 historicorum
1573 897 1679 997 'copia
1698 921 1805 997 auge·

257 1035 395 1117 retur,
429 1024 596 1127 pecuniae
621 1024 659 1099 in
695 1023 949 1101 Bibliothecam
983 1030 1142 1122 erogatae
1176 1020 1455 1096 additamentum
1488 1016 1676 1093 adiunxere
1709 1016 1806 1093 haud

283 1145 594 1227 contemnendum:
617 1168 682 1219 nec
705 1142 841 1217 silentio
858 1138 1150 1243 praetereundum
1179 1139 1364 1239 pecuniam
1394 1135 1699 1213 extraordinariam
1720 1137 1804 1211 satis

282 1290 447 1369 magnam
468 1290 511 1340 er
528 1263 657 1339 aerario
678 1261 818 1363 publico
839 1286 914 1338 esse
939 1262 1155 1361 depmmtam
1177 1260 1321 1359 tumad
1346 1258 1452 1336 libros
1472 1257 1637 1357 aoologici
1654 1256 1804 1333 maxime

282 1384 479 1487 argumenti
500 1381 725 1472 coemendos,
748 1388 827 1458 tum
849 1381 896 1458 ad
919 1380 1066 1457 Codices
1087 1380 1219 1479 aliquot
1238 1379 1417 1480 Syriacos,
1441 1376 1505 1477 qui
1525 1376 1677 1453 londini
1695 1400 1804 1453 esacr-

282 1508 423 1592 vantur,
447 1501 699 1601 manuscriptos
721 1500 1027 1577 transscribendos.

332 1624 471 1698 Iacoao
495 1644 609 1711 erun,
633 1621 706 1696 viro
727 1622 933 1713 clarissimo,
959 1620 1040 1721 qui,
1064 1627 1106 1697 ut
1127 1620 1353 1709 successoris,
1377 1618 1441 1695 viri
1463 1617 1669 1707 doctissimi,
1694 1613 1807 1692 uerbis

282 1750 378 1833 utar,
403 1765 467 1842 per
492 1766 553 1817 sex
573 1748 610 1816 et
629 1740 773 1841 tn'ginta
798 1766 908 1818 annos
931 1740 1167 1818 Bibliothecae
1191 1740 1352 1841 pubhcae
1374 1739 1542 1839 singulari
1565 1737 1751 1839 prudentia
1770 1746 1807 1811 et

281 1862 487 1939 liberalitate
506 1860 657 1964 praefuit
681 1868 717 1936 et
740 1860 784 1937 de
806 1862 940 1939 civibus
962 1869 998 1938 et
1018 1862 1062 1937 de
1088 1861 1239 1937 extemis
1260 1861 1392 1961 optime
1417 1859 1562 1934 meritus
1581 1858 1670 1948 luit,
1694 1857 1806 1933 otium
1899 1896 1905 1911 ·

280 2006 364 2058 cum
396 1982 566 2083 dignitate
590 2004 792 2056 concessum
816 1989 880 2058 est.
930 1982 1006 2057 Nos
1037 2006 1177 2081 qnoque
1204 1979 1378 2056 exanimi
1401 1978 1572 2054 sententia
1594 1978 1667 2053 viro
1689 1976 1805 2053 claris·

282 2103 371 2177 simo
393 2102 620 2201 gratulamur.
669 2090 747 2176 Nos¹
771 2123 911 2200 quoque
935 2098 1104 2173 habemus
1135 2099 1171 2173 in
1208 2096 1314 2186 votis,
1339 2105 1381 2172 ut
1403 2104 1483 2198 post
1513 2093 1686 2197 praeclare
1712 2102 1807 2171 actos

282 2221 417 2296 labores
446 2220 583 2318 placida
617 2220 668 2294 illi
692 2220 871 2317 contingat
902 2224 1079 2307 senectus,
1115 2217 1247 2315 diuque
1282 2224 1502 2292 conservetur
1534 2216 1637 2291 nobis
1660 2214 1806 2315 aliisque

282 2338 420 2426 multis,
446 2337 575 2435 quibus
601 2346 655 2411 est
678 2337 886 2413 censuimus.

331 2454 413 2529 Tibi
447 2477 609 2553 quoque,
647 2452 845 2529 doctissime
880 2474 1088 2541 rnurunas,
1123 2452 1181 2529 cui
1211 2450 1448 2531 Bibliothecae
1478 2456 1693 2533 academicae
1725 2480 1809 2532 cura

285 2576 356 2651 iam
382 2572 546 2649 mandata
567 2580 639 2662 est,
675 2598 718 2648 ex
750 2573 866 2649 auimo
896 2572 1122 2673 gratulamur.
1171 2574 1255 2648 Non
1288 2573 1421 2650 minore
1452 2600 1560 2676 quam
1592 2575 1808 2652 venerandus

263 2719 264 2723 ’
283 2695 440 2771 decessor
461 2699 546 2767 tuus
569 2700 667 2769 utere
692 2692 865 2770 felicitate.
917 2692 1063 2769 Solertia
1085 2699 1148 2769 tua
1174 2692 1428 2797 prudentiaque
1451 2693 1659 2774 confidimus
1679 2694 1810 2794 pariter

284 2839 324 2891 ac
345 2813 534 2889 volumtate.
583 2809 728 2889 Utinam
764 2821 798 2889 te
827 2818 970 2889 curante
1002 2812 1220 2890 Bibliotheca
1247 2814 1439 2893 multorum
1466 2814 1608 2891 utilium
1643 2814 1810 2891 librorum

285 2932 478 3011 accessione
499 2932 737 3034 locupletetur.

285 3294 418 3371 artibus
445 3302 481 3370 et
504 3294 694 3395 disciplinis
721 3319 862 3396 operam
894 3296 1027 3373 dantes.
1076 3296 1246 3371 Dolemus
1267 3303 1397 3372 uestros
1415 3297 1549 3372 sodales
1573 3319 1808 3374 curnmunuu

284 3437 500 3490 nuncvrcuu
533 3438 662 3491 wama
699 3421 736 3490 et
771 3438 996 3495 rrnuaunuru
1033 3439 1230 3493 anmaunu
1265 3440 1502 3494 wmrnmurr
1536 3441 1611 3493 vara
1645 3438 1810 3505 caurus,

285 3533 482 3611 Medicinae
504 3535 733 3626 Candidatus,
756 3535 887 3636 ingenii
910 3535 1065 3612 bonitate
1084 3543 1121 3611 et
1146 3536 1322 3613 doctrinae
1346 3538 1556 3638 praestantia
1585 3537 1808 3638 conspicuos,

285 3653 437 3754 spatium
472 3655 709 3732 academicum
747 3654 818 3731 lere
855 3681 1032 3747 emensos,
1069 3656 1123 3732 uti
1160 3658 1366 3759 propinquis
1405 3658 1478 3733 suis
1510 3658 1720 3757 amicisque,
1752 3655 1809 3745 ,ita

174 3791 176 3795 ·
286 3773 439 3850 medicae
474 3775 541 3850 arti
572 3783 683 3852 morte
705 3783 842 3875 ereptos
868 3800 954 3852 esse.
1004 3777 1055 3851 At
1080 3777 1275 3878 gaudemus
1302 3785 1420 3852 tamen
1443 3785 1575 3853 ceteros
1598 3802 1659 3852 voe
1688 3801 1809 3853 omnes

286 3916 361 3967 esse
385 3893 506 3971 salvos.
545 3895 725 3972 Numerus
751 3903 864 3972 vester
890 3896 955 3972 hoc
978 3920 1119 3996 quoque
1144 3921 1244 3972 anno
1261 3904 1385 3973 auctus
1410 3903 1483 3988 eat,
1507 3899 1602 3973 unde
1622 3897 1809 3974 documen·

287 4020 363 4088 tum
388 4014 543 4115 capimus
560 4015 767 4092 Academiae
789 4015 917 4092 lamam
939 4017 1109 4093 mansisse
1129 4017 1312 4118 integram.
1348 4018 1424 4092 Noa
1443 4041 1523 4094 vero
1544 4017 1661 4093 miuus
1680 4017 1809 4094 civium
1876 4018 1883 4032 '

287 4131 549 4210 multitudinem
576 4160 683 4234 quam
705 4137 951 4236 praestantiam
975 4137 1012 4210 in
1038 4137 1147 4238 gloria
1172 4161 1300 4237 ponere
1320 4144 1465 4238 oportet.
1493 4137 1667 4213 Virtutem
1691 4145 1810 4213 autem

288 4259 437 4328 vestram
460 4277 666 4355 morumque
688 4253 904 4332 honestatem
926 4256 1231 4356 sipreedicsmus,
1252 4257 1291 4331 id
1309 4257 1385 4332 iure
1404 4257 1597 4357 meritoque
1618 4256 1693 4332 lieri
1710 4256 1809 4332 valde
1862 4299 1870 4316 ·

287 4371 466 4450 betumm.
515 4375 608 4451 Mihi
641 4375 729 4451 nihil
753 4376 934 4452 accidisset
956 4376 1156 4466 molestius,
1191 4400 1298 4476 quam
1333 4385 1375 4452 nt
1398 4400 1538 4476 cogerer
1567 4377 1725 4452 Rectoris
1756 4375 1812 4451 nti

288 4495 491 4572 auctoritate
518 4497 564 4572 ad
588 4504 729 4598 peccata
762 4497 960 4574 coercenda.
1011 4495 1101 4586 Sed,
1137 4495 1233 4595 quod
1266 4503 1389 4596 gratus
1421 4513 1590 4596 agnosco,
1624 4497 1689 4573 hoc
1722 4520 1812 4572 onus

288 4613 376 4690 mihi
402 4617 580 4718 imponere
604 4618 764 4694 noluistis
795 4615 1046 4694 committendo
1074 4616 1170 4715 quod
1201 4615 1305 4691 officii
1335 4639 1439 4692 causa
1467 4616 1716 4718 reprehendere
1750 4616 1811 4691 de·
1926 4635 1929 4641 ’

288 4733 454 4815 buissem.
486 4740 587 4818 Quae
606 4747 728 4840 pectus
744 4739 900 4814 relaxant
916 4735 1177 4837 exhilarantque
1194 4735 1408 4836 distinguere
1429 4737 1598 4814 didicistis
1615 4736 1811 4813 avitiorum

290 4853 447 4949 licentia,
472 4883 580 4960 quae,
606 4860 658 4936 uti
680 4860 854 4937 civitatem
876 4856 1100 4962 perturbant,
1135 4856 1184 4935 sic
1206 4881 1331 4961 corpus
1358 4856 1584 4961 animumque
1611 4856 1726 4956 vigore
1748 4877 1813 4930 suo

865 5019 866 5022 ¹
1594 4981 1619 5051 4
