4959 6175
617 683 682 746 112
1215 681 1249 748 P.
1285 681 1533 746 HARTlNG

615 887 724 962 labori
748 896 995 986 pepercerunt,
1020 897 1079 975 ut,
1108 888 1203 985 qnod
1223 887 1339 962 animo
1363 887 1563 975 volvebant,
1588 887 1634 961 ad
1657 910 1731 961 rem
1754 886 1986 987 effectumque
2010 889 2136 988 perdu-

615 1013 741 1081 cerent.
792 1007 834 1078 In
862 1007 990 1104 quibua
1011 1015 1073 1099 te,
1097 1006 1296 1082 Clarissima
1321 1030 1509 1095 suranus,
1543 1007 1597 1081 vel
1631 1006 1760 1104 primas
1790 1009 1903 1107 egisse
1930 1009 1984 1082 vel
2008 1010 2136 1107 praeci·

615 1109 721 1223 puas,
746 1133 781 1198 et
801 1125 966 1200 miramur
999 1137 1035 1200 et
1063 1151 1133 1200 non
1165 1127 1340 1201 miramur.
1392 1125 1579 1212 Miramur,
1615 1135 1765 1202 aetatem
1796 1137 1893 1202 tuam
1926 1129 2135 1227 cogitantes,

616 1271 704 1343 quae
725 1246 906 1344 plerosque
925 1272 946 1320 a
968 1247 1072 1320 rebus
1096 1247 1240 1346 agendis
1262 1255 1391 1322 avocat.
1443 1247 1522 1320 Non
1545 1246 1731 1334 miramur,
1758 1270 1928 1322 memores
1952 1248 2007 1322 vel
2032 1257 2136 1323 testes

614 1364 730 1463 potius
757 1365 916 1440 iuvenilia
944 1367 1038 1445 illius
1068 1367 1217 1454 ardoris,
1249 1391 1318 1464 quo
1351 1377 1413 1454 tu,
1434 1365 1650 1440 Medicorum
1682 1365 1954 1441 Traiectiuorum
1989 1368 2135 1454 Nestor,

614 1493 739 1559 cuncta
762 1487 1002 1574 commendas,
1027 1512 1206 1585 promoves
1224 1497 1264 1561 et
1289 1512 1408 1586 urges,
1433 1511 1531 1584 quae,
1545 1484 1610 1558 tibi
1633 1486 1731 1561 utilia
1754 1497 1790 1560 et
1809 1487 1902 1560 bona
1923 1511 1999 1562 esse
2018 1488 2134 1562 viden·

614 1613 682 1680 tur.
734 1607 803 1680 Sed
820 1607 975 1680 omnium
995 1608 1143 1680 maxime
1163 1607 1245 1693 tibi,
1270 1606 1548 1680 coniunctissime
1568 1628 1754 1694 nornras,
1780 1605 1904 1680 barum
1926 1631 2041 1680 rerum
2060 1606 2136 1680 leus

614 1734 650 1796 et
673 1725 780 1798 bonos
803 1726 958 1800 debetur.
1009 1728 1064 1799 'ru
1085 1727 1217 1824 primns
1237 1726 1273 1798 in
1293 1734 1410 1799 nostra
1430 1725 1540 1822 patria
1559 1725 1769 1800 mentionem
1788 1725 1900 1800 fecisti
1919 1727 2135 1814 Nosocomii,

613 1842 650 1916 in
676 1868 746 1941 quo
774 1845 874 1919 unice
894 1846 1071 1919 oculorum
1092 1846 1213 1918 morbo
1233 1844 1469 1918 laborantibus
1488 1853 1753 1920 succurreretur.
1804 1847 1927 1924 Quum
1954 1845 2133 1944 pluribus,

613 1964 657 2037 de
684 1965 748 2038 hoc
775 1990 940 2044 sensnum
965 1973 1160 2038 nostrornm
1189 1963 1482 2062 praestantissimo
1505 1963 1892 2052 admodumsollicitia,
1918 1989 2021 2062 opem
2048 1964 2134 2038 tule-

612 2108 688 2171 ras,
712 2085 913 2183 ampliorem
943 2084 1142 2183 quaesivisti
1165 2083 1368 2158 eruditionis
1393 2092 1428 2156 et
1449 2084 1668 2158 dexteritatis
1696 2096 1776 2158 tuae
1809 2084 1844 2158 in
1880 2107 1983 2157 usum
2011 2084 2133 2182 practi-

612 2229 693 2278 cum
719 2206 945 2279 conterendae
967 2202 1270 2304 opportunitatem.
1322 2201 1419 2274 Haec
1448 2201 1512 2275 tibi
1540 2201 1609 2275 iam
1640 2217 1759 2299 parate
1779 2213 1844 2278 est.
1895 2203 2011 2276 Nemo
2033 2202 2134 2276 dubi·

612 2331 679 2410 tat,
705 2322 791 2419 quin
822 2347 862 2396 ea
897 2323 1027 2420 optime
1062 2345 1187 2395 usurus
1215 2318 1273 2393 sis.
1323 2319 1378 2392 Vn
1410 2329 1547 2408 autem,
1582 2320 1724 2418 Collega
1757 2322 2067 2409 aestumatissime,
2099 2332 2135 2396 et

611 2441 820 2516 Academiae
850 2440 1064 2516 Traiectinac
1096 2448 1131 2514 et
1159 2440 1225 2514 arti
1252 2447 1333 2514 tuae
1360 2439 1501 2514 salutari
1525 2450 1560 2513 et
1582 2439 1758 2516 doctrinae
1787 2443 1940 2516 medicae
1964 2442 2001 2516 in
2023 2443 2133 2540 patria

611 2569 748 2649 nostre,
780 2562 872 2634 unde
896 2561 1024 2635 frustra
1051 2567 1085 2635 te
1105 2560 1248 2634 avellere
1272 2571 1413 2634 conatae
1435 2567 1518 2632 sunt
1538 2559 1606 2634 alio
1629 2560 1850 2636 invitantium
1879 2587 1997 2650 voces,
2020 2571 2133 2636 ——tu

613 2682 720 2780 igitur
745 2680 957 2780 gravissimis
985 2689 1020 2755 et
1041 2680 1155 2755 causis
1182 2687 1218 2752 et
1243 2679 1411 2753 institutis
1436 2691 1476 2754 ut
1498 2680 1614 2755 decori
1638 2706 1713 2756 esse
1737 2707 1878 2780 pergas,
1912 2682 2132 2756 vehementer

610 2810 702 2900 opto.
754 2801 922 2875 Nondum
944 2809 1060 2874 temen
1085 2808 1120 2874 te
1143 2798 1264 2886 mitto,
1287 2797 1350 2872 Vir
1371 2799 1592 2888 amicissime,
1624 2826 1729 2898 quem
1761 2801 1825 2876 hoc
1857 2825 1948 2876 anuo
1983 2801 2133 2874 Senatus

555 3001 567 3014 ,
611 2920 819 2996 Academiae
848 2920 1062 2994 Traiectiaae
1095 2918 1288 3016 chirurgiae
1320 2917 1494 2993 doctorem
1522 2919 1659 2994 honoris
1691 2944 1795 2995 censa
1829 2921 1958 2995 creavit
1990 2928 2027 2994 ct
2055 2920 2132 2993 Rex

611 3040 893 3140 Angustissimus
918 3040 964 3115 ad
991 3039 1242 3115 honoratiorem
1270 3039 1382 3115 evexit
1415 3039 1583 3114 Ordinem
1603 3041 1772 3139 Equitum
1797 3064 1898 3116 cruce
1922 3063 2055 3139 quemn
2079 3039 2131 3112 in·

611 3160 828 3259 signitorum.
878 3159 984 3235 Venit
1017 3162 1055 3234 in
1089 3160 1231 3235 honoris
1264 3160 1542 3235 communionem
1576 3184 1731 3235 vrrvxres
1767 3170 1902 3249 noster,
1941 3158 2130 3259 Equitibus

610 3280 736 3354 Leonis
773 3279 1018 3355 Nederlandici
1050 3280 1255 3378 adscriptus.
1315 3280 1393 3353 Hos
1430 3281 1575 3354 honores
1615 3280 1746 3369 Vobis,
1790 3280 1951 3378 Collegae
1988 3278 2131 3377 optimi,

610 3400 766 3499 impense
789 3400 1015 3499 gratulamur.

657 3638 821 3712 Diximus
846 3638 890 3712 de
912 3637 1106 3711 studiorum
1130 3638 1329 3736 praesidiis,
1360 3662 1449 3735 quae
1478 3636 1601 3736 quanti
1630 3636 1709 3734 quis
1731 3636 1807 3711 iure
1830 3634 1954 3724 faciat,
1987 3661 2056 3710 non
2080 3645 2130 3709 te·

611 3781 691 3830 men
714 3758 751 3831 in
774 3758 829 3831 his
850 3757 968 3831 omnia
990 3756 1102 3855 posite
1124 3781 1199 3832 esse
1220 3769 1396 3856 putamus.
1446 3758 1526 3831 Non
1550 3756 1661 3831 solum
1680 3755 1784 3830 rebus
1804 3756 1954 3831 externis
1975 3755 2131 3842 affluere,

613 3875 676 3948 sed
706 3876 802 3948 intus
829 3875 1048 3972 potissimum
1079 3877 1193 3974 vigere
1215 3883 1352 3973 oportet
1373 3875 1617 3962 Academiam,
1646 3875 1779 3963 idest,
1806 3874 1983 3963 inanimo
2012 3874 2130 3949 unius·

612 3992 801 4091 cuiusque,
821 3994 880 4067 cui
904 3993 1021 4092 aliqua
1040 4018 1119 4067 cnm
1139 3994 1215 4092 ipsa
1236 3995 1418 4069 intercedit
1438 3994 1676 4083 necessitudo,
1700 4018 1780 4069 eum
1805 4020 1879 4069 esse
1900 3994 2012 4093 pulcri
2033 3992 2130 4067 boni-

545 4198 549 4205 ¹
613 4136 682 4208 que
713 4135 885 4201 amorem,
928 4136 998 4210 quo
1031 4113 1078 4187 ad
1111 4115 1283 4213 praeclare
1318 4141 1477 4215 quaeque
1507 4116 1744 4215 persequenda
1781 4115 1975 4190 incitemur.
2025 4113 2132 4187 Hunc

613 4229 766 4328 vigorem
800 4254 865 4307 nec
899 4230 1018 4305 deesse
1054 4234 1296 4309 contendimus
1326 4261 1440 4335 neque
1471 4238 1521 4311 ita
1552 4238 1692 4321 adesse,
1724 4243 1765 4308 ut
1795 4234 1912 4309 nullus
1942 4231 2130 4309 accessioni

615 4350 710 4423 loeus
728 4350 951 4450 relinquatur.
1002 4352 1239 4431 Quamobrem
1268 4357 1627 4454 quantulumcumque
1649 4354 1737 4429 illud
1764 4354 1828 4443 sit,
1854 4354 1949 4454 quod
1972 4351 2132 4427 accedere

614 4494 714 4568 posse
750 4471 924 4559 videatur,
960 4472 998 4546 id
1029 4473 1145 4573 ipsum
1180 4499 1317 4549 summo
1356 4475 1473 4550 studio
1508 4476 1664 4549 minuere
1699 4498 1873 4550 conemur.
1905 4451 2022 4561 'Vos,
2057 4470 2134 4545 Viri

612 4588 846 4690 Amplissimi,
871 4616 1018 4689 quorum
1038 4593 1157 4668 virtuti
1178 4594 1451 4693 prudentiaeque
1476 4620 1615 4693 prorsus
1636 4594 1858 4683 confidimus,
1879 4594 1971 4692 Regi
1990 4593 2131 4691 Angus-

611 4708 746 4783 tissimo
765 4734 823 4783 eoa
846 4710 1094 4785 commendetis
1121 4732 1157 4787 et
1183 4713 1378 4787 Literarum
1401 4713 1438 4787 H
1442 4713 1658 4789 umanicrum
1683 4722 1718 4789 et
1739 4713 1946 4812 Theologiae
1968 4721 2003 4787 et
2023 4712 2131 4787 Iuris-

613 4828 816 4927 prudentiae
839 4828 1013 4921 doctores,
1037 4830 1166 4929 quibua
1189 4832 1396 4907 Academiae
1421 4832 1632 4909 Traiectinee
1656 4833 1793 4934 gloriari
1814 4831 1942 4909 licebit.
