4959 6175
893 690 1172 763 ORATIO.
1324 769 1328 778 ⁴
1752 689 1796 761 43

276 905 371 983 coc
394 904 535 997 monn,
558 903 596 981 sn
618 902 724 981 uun
748 904 856 981 cecc
878 903 1102 1006 scriptoribus
1127 922 1233 1003 quam
1253 898 1358 977 muru
1379 898 1528 991 rueme,
1552 899 1616 1000 qu
1644 847 1797 999 coquom

276 1050 322 1103 ex
343 1024 497 1126 antiquis
522 1024 706 1126 praecipue
738 1023 949 1101 imitandum
981 1023 1050 1099 sibi
1074 1027 1305 1123 proponerent
1321 1022 1385 1116 2⁵).
1432 1020 1534 1097 Adeo
1570 1019 1723 1096 Romani
1745 1019 1797 1097 illi

276 1145 384 1223 etium
405 1145 444 1223 in
472 1146 648 1223 literarum
678 1144 803 1221 studiis
826 1143 881 1219 sui
912 1168 988 1219 esse
1012 1143 1201 1219 desierunt.
1251 1140 1322 1217 Sed
1345 1163 1457 1241 usque
1478 1165 1521 1217 ec
1542 1141 1628 1219 hcec
1649 1140 1796 1218 servitus

261 1266 461 1365 pmcessit,
491 1274 533 1343 ut
566 1288 666 1341 voees
697 1270 733 1340 et
758 1262 1015 1339 terminationes
1044 1262 1179 1363 pridem
1203 1268 1379 1339 emortuus
1407 1267 1575 1362 tenqnum
1598 1262 1645 1341 sb
1676 1261 1795 1339 inferis

277 1387 475 1465 extiterunt.
525 1385 628 1461 Unde
656 1386 803 1461 Sextum
825 1384 1002 1485 quendem
1021 1406 1166 1485 carpens
1189 1381 1362 1459 Martialis
1376 1382 1446 1477 ⁸⁶)=

656 1579 784 1641 Scribere
803 1586 847 1655 te,
867 1600 939 1662 quse
958 1580 1005 1641 vix
1022 1578 1166 1659 intelleget
1184 1579 1245 1663 ipse
1263 1578 1425 1653 Modestus,

699 1682 739 1744 Et
759 1684 807 1745 rix
826 1684 976 1759 ciaconus,
997 1682 1078 1765 quid,
1100 1704 1185 1762 rogo,
1206 1687 1305 1762 Sexte,
1326 1681 1424 1744 invutt

660 1784 729 1850 Non
748 1788 852 1849 lectore
871 1784 928 1847 tuis
947 1804 1016 1866 opus
1035 1790 1093 1859 est,
1113 1782 1163 1846 sed
1182 1784 1314 1867 Apolline
1330 1782 1419 1845 libris.

276 1983 416 2076 Scilicet
443 1984 494 2061 ite
517 1984 662 2061 demum
683 1984 744 2063 isti
768 1983 897 2061 eruditi
923 1982 990 2059 cibi
1010 1980 1236 2072 videbuntur,
1259 1982 1310 2057 itc
1341 1981 1513 2081 quaedem
1543 1980 1608 2056 soli
1630 1981 1735 2071 scire,
1767 1982 1798 2057 si

273 2128 319 2179 ex
351 2104 463 2181 elieno
495 2105 610 2181 seculo
643 2105 751 2181 verbe
780 2110 938 2205 peterent
960 2109 996 2178 et
1018 2102 1095 2177 XII
1118 2102 1270 2178 Tubulus
1293 2102 1516 2201 loquerentur
1535 2103 1607 2195 ³⁷),
1631 2125 1702 2177 non
1724 2108 1797 2177 tom

275 2223 413 2299 solliciti
430 2248 475 2299 eu
494 2248 584 2322 quse
603 2224 821 2323 scripsissent
839 2222 1062 2321 dicerentque
1078 2222 1378 2320 intellegerentur,
1398 2246 1505 2319 quem
1525 2230 1567 2297 ut
1585 2220 1797 2297 reconditum

273 2362 374 2415 suem
417 2339 610 2415 doctrinam
645 2346 847 2415 reuerentes
887 2338 1045 2413 homines
1082 2345 1272 2438 stuperent.
1322 2341 1433 2414 Cuius
1468 2338 1647 2437 pravitatis
1685 2365 1798 2440 quum

273 2447 442 2560 principie
462 2458 500 2533 in
523 2457 828 2558 grammaticorum
856 2456 949 2532 ludis
971 2464 1008 2532 et
1032 2456 1144 2533 scenis
1163 2457 1341 2533 rhetorum
1365 2458 1563 2559 quaerendo
1583 2458 1674 2548 sint,
1698 2457 1797 2534 uelde

274 2578 472 2655 mirandum
493 2602 577 2667 *non
608 2584 684 2667 est,
718 2577 749 2653 si
779 2577 839 2654 ille
870 2577 1038 2678 perslutim
1071 2578 1180 2655 etiem
1204 2578 1388 2655 inferum
1421 2586 1458 2655 ct
1491 2579 1613 2653 domos
1646 2578 1795 2677 irrepsit.

275 2698 439 2775 &uentu
460 2697 564 2774 verbe
587 2704 623 2773 et
644 2696 789 2798 entique
808 2698 844 2775 in
866 2704 1000 2773 oratore
1021 2698 1204 2799 plucehcnt
1228 2698 1390 2789 mirifice;
1415 2699 1453 2774 in
1482 2723 1639 2775 sermone
1661 2697 1796 2798 plebeio

215 2844 219 2849 ·
274 2819 312 2895 in
340 2818 462 2919 primis
492 2817 599 2894 etiem
622 2816 745 2918 figuris
767 2818 1029 2896 delectabuntur
1050 2820 1115 2914 ²⁸).
1164 2820 1235 2895 Sed
1270 2844 1318 2895 ne
1348 2821 1414 2896 hoc
1443 2819 1589 2919 quidem
1620 2816 1796 2893 nonnullis

274 2938 359 3017 entis
380 2938 488 3015 tuisse
512 2938 706 3015 ostendunt
739 2962 828 3039 quse
859 2938 1069 3015 adolescenti
1091 2938 1231 3015 cuidem
1256 2938 1393 3018 obiecto
1423 2964 1445 3016 c
1470 2936 1640 3015 Favorino
1662 2937 1795 3038 occepi·

271 3082 364 3137 mus.
393 3060 487 3152 clu,
507 3058 639 3161 inquit,
657 3058 804 3162 proinde
823 3059 925 3161 qussi
941 3084 1023 3137 oum
1042 3066 1154 3137 motre
1170 3058 1328 3137 Euandri
1344 3084 1439 3138 nnnc
1459 3059 1617 3160 loquere,
1639 3081 1796 3135 sermone

270 3179 398 3258 abhinc
419 3181 539 3257 multis
559 3181 660 3257 cunis
679 3181 750 3259 inm
772 3182 883 3259 desito
904 3182 1031 3272 uteris,
1054 3181 1151 3282 quod
1172 3182 1259 3258 scire
1277 3189 1385 3282 etque
1400 3181 1600 3282 intellegere
1619 3180 1796 3258 nemiuem

270 3299 323 3374 vis
357 3324 447 3400 ques
480 3300 585 3378 dicus.
635 3301 782 3393 Nonne,
806 3302 911 3382 homo
940 3301 1077 3402 inepte,
1108 3309 1151 3378 ut
1177 3302 1274 3402 quod
1303 3301 1355 3377 vis
1380 3301 1522 3379 abunde
1553 3299 1794 3401 consequeris,

270 3421 390 3497 uoces
439 3421 509 3498 Sed
532 3421 777 3522 antiquitatem
800 3421 868 3498 tihi
895 3422 1030 3522 plaeere
1053 3421 1126 3514 nis,
1151 3423 1249 3522 quod
1277 3422 1424 3499 honeste
1445 3429 1483 3498 et
1506 3421 1599 3498 bone
1620 3426 1657 3496 et
1679 3420 1794 3496 sobrie

270 3545 305 3616 et
329 3540 500 3618 modesto·
514 3541 571 3618 cit
621 3541 709 3617 Vive
735 3565 819 3642 ergo
846 3542 1003 3618 moribus
1032 3543 1247 3643 praeteritis,
1282 3542 1424 3643 loquere
1454 3542 1568 3618 verbis
1602 3539 1792 3641 proesenti-

260 3658 372 3738 ·hns.'’
421 3662 629 3754 Nonnihil,
653 3662 716 3763 qui
741 3661 827 3738 heen
846 3659 1020 3750 laudavit,
1046 3659 1182 3736 Gellius
1199 3661 1269 3755 ²⁹),
1293 3685 1331 3736 se
1354 3661 1460 3736 modo
1484 3666 1641 3747 tuntum,
1660 3681 1731 3734 non
1753 3681 1791 3733 re

271 3780 317 3858 eb
338 3781 398 3859 illo
419 3782 640 3858 adolescente
664 3781 821 3872 differre,
854 3803 966 3881 quum
1002 3780 1249 3858 conciliaturus
1279 3781 1367 3872 sihi,
1401 3781 1465 3858 uhi
1499 3780 1650 3857 venisset
1683 3803 1789 3869 usus,

271 3901 454 3978 verborum
477 3901 797 4003 sententiarumque
819 3901 1033 4002 elegentinm
1056 3901 1328 3992 recordationes,
1351 3903 1427 4002 ipse
1453 3901 1610 3978 obsoleta
1630 3923 1790 4000 quaeque

269 4043 315 4095 ex
340 4022 386 4101 Q.
408 4021 543 4098 Cleudii
565 4025 685 4098 occuli
709 4031 915 4123 excerperet
965 4024 1066 4099 Certe
1089 4023 1185 4098 enim
1205 4022 1399 4100 absurdum
1418 4032 1472 4098 est
1492 4023 1530 4098 in
1550 4019 1708 4096 (laeseris
1727 4027 1790 4096 out

269 4141 447 4218 Ciceronis
469 4143 573 4220 verbe
594 4143 644 4219 ite
672 4144 804 4234 incure,
829 4143 929 4243 qussi
950 4144 1050 4243 puri,
1082 4143 1252 4243 elegantis
1275 4144 1456 4243 omctique
1480 4140 1648 4218 sermonis
1671 4139 1789 4215 Ietini

269 4261 395 4338 cotim
419 4287 464 4339 ex
485 4264 561 4340 eliis
585 4262 742 4340 lontibus
771 4263 902 4340 moriri
925 4277 1092 4363 nequect;
1117 4267 1244 4340 etrele
1262 4289 1376 4341 cceccc
1398 4289 1443 4339 ex
1464 4262 1602 4360 legibus
1622 4260 1698 4335 XII
1720 4260 1787 4336 'Ih-

268 4381 432 4458 hulumm
464 4382 648 4459 defendere
679 4392 716 4460 et
737 4377 867 4473 (heere,
901 4407 971 4460 non
1003 4383 1139 4459 insuevi
1166 4391 1339 4459 ummmte
1358 4383 1425 4459 hoc
1445 4407 1520 4459 esse
1540 4383 1613 4475 ³⁰),
1635 4381 1674 4456 id
1697 4379 1773 4455 mih

268 4503 412 4600 quidem
436 4503 552 4580 neseio
578 4503 665 4603 quid
688 4503 830 4604 putidae
852 4503 1079 4580 uilectetionis
1107 4503 1233 4581 hebere
1255 4527 1407 4603 cumque
1431 4502 1529 4579 omni
1546 4501 1719 4602 elegantis
1743 4527 1785 4578 cc

269 4623 411 4699 veritate
435 4624 654 4701 vehementer
675 4648 831 4727 pugnem
854 4623 1002 4700 videtur.

316 4743 442 4820 Cetera
463 4752 618 4837 transeo,
641 4745 758 4824 ult
784 4765 855 4820 non
883 4745 978 4845 quod
1003 4767 1061 4822 me
1084 4744 1259 4822 dmentem
1283 4743 1400 4822 dehet
1432 4743 1613 4834 materies,
1645 4743 1708 4820 sed
1737 4765 1784 4818 ne

268 4867 381 4940 vestra
410 4865 627 4946 audientium
664 4865 831 4967 mhcntin
855 4867 991 4946 ehutcr.
1039 4865 1165 4968 Neque
1187 4866 1283 4944 enim
1307 4890 1381 4944 uno
1410 4872 1566 4965 mmpcre
1590 4889 1654 4940 nec
1679 4861 1783 4940 modo

257 5013 273 5024 .
1512 4984 1567 5059 6*
