4959 6175
724 690 766 763 ei
1205 686 1400 755 sanias
1433 681 1765 755 tatarorum

722 912 747 973 1.
777 910 831 973 Dii
863 906 952 971 wib
986 894 1174 974 Historiam
1207 893 1297 971 iuria
1329 892 1482 971 Romani
1512 891 1708 983 mutabit,
1743 890 1871 969 &ebus
1904 889 2054 982 Martia,

770 1017 938 1096 Mercurii
963 1023 999 1093 et
1025 1016 1118 1093 Iovia
1126 1068 2049 1107 ..........................
2085 1011 2171 1091 hora
2185 1013 2245 1093 lX.

820 1137 1132 1239 Encyclopaediam
1169 1143 1206 1213 et
1240 1134 1541 1237 Methodologiaru
1574 1133 1663 1211 loris
1695 1130 1899 1235 explicabit,
1926 1130 2054 1209 iisdem

868 1258 1012 1348 diebus,
1046 1315 1056 1335 .
1091 1309 2053 1335 ...........................
2199 1252 2245 1329 Χ.

817 1383 876 1455 lus
898 1377 1140 1455 mercatoriam
1161 1382 1330 1479 exponet,
1354 1376 1413 1453 die
1432 1374 1522 1452 Iovia
1526 1428 2053 1465 ...............
2161 1371 2245 1464 Xll,

915 1505 952 1575 et
975 1498 1033 1573 die
1055 1498 1200 1574 Veneris
1207 1548 2055 1589 ........................
2083 1490 2243 1569 ixoax.

721 1635 751 1695 s,
771 1629 982 1691 Vissaliiiiii
1001 1617 1218 1701 suasorem
1239 1616 1378 1695 Patriae
1396 1614 1602 1717 explicabit,
1623 1612 1749 1691 dmbue
1767 1612 1907 1704 Lunae,
1926 1611 2053 1691 Martis

767 1748 804 1817 et
821 1737 1008 1827 Mercurii,
1041 1795 1050 1813 .
1086 1788 2049 1815 ............................
2182 1733 2241 1812 ΧΙ.

814 1858 1010 1937 Historiam
1038 1858 1201 1957 Europae
1234 1856 1514 1959 diplomaticam,
1536 1854 1663 1931 iisdem
1687 1852 1813 1931 diebus
1821 1912 2050 1945 .......
2211 1856 2241 1931 I.

817 1976 1062 2057 oeconomiam
1084 1978 1277 2077 politicam,
1302 1978 1361 2055 die
1384 1977 1492 2068 loris,
1525 2030 2045 2055 ...............
2080 1974 2133 2051 Xl
2147 1982 2184 2051 et
2200 1976 2241 2064 I,

912 2107 948 2175 et
982 2097 1039 2173 die
1068 2096 1232 2188 Veneris,
1264 2153 1569 2177 .........
1585 2181 1594 2191 ,
1596 2151 2049 2173 .............
2179 2093 2240 2169 ΧΙ.

813 2216 1027 2317 Disputaudi
1052 2215 1213 2292 exercitia
1235 2216 1492 2307 moderabitur,
1519 2215 1577 2292 die
1597 2213 1745 2291 Veneria
1750 2269 2050 2305 .........
2212 2213 2240 2287 Ι.

813 2336 962 2415 Vacauti
987 2334 1174 2411 cathedrae
1201 2336 1265 2411 nbi
1284 2342 1509 2436 prospectum
1534 2335 1617 2426 erit,
1640 2341 1797 2412 caeterae
1821 2334 1984 2413 lectiones
2005 2334 2051 2408 ad

863 2457 977 2531 valvae
999 2454 1210 2561 Academiae
1232 2455 1491 2531 iudicabuntur.
1941 2460 1944 2463 ’

1176 2650 1423 2728 ricoarae
1452 2646 1777 2727 irinoioorcri.

632 2858 637 2875 κ
716 2826 763 2887 w.
782 2826 819 2887 A.
838 2824 924 2888 vari
943 2825 1127 2901 mehir,
1147 2822 1329 2916 provectae
1353 2814 1478 2893 aebtis
1504 2838 1609 2892 causa
1628 2814 1717 2891 rude
1740 2812 1911 2905 donatus,
1933 2840 2044 2915 quau·

764 2943 842 3012 tum
865 2962 928 3036 per
949 2937 1043 3013 vires
1065 2936 1200 3027 beabit,
1223 2934 1434 3011 Academiae
1454 2934 1609 3011 alumnis
1625 2934 1790 3037 prodesse
1809 2934 2003 3013 conabitur.

714 3066 753 3130 r.
775 3066 809 3130 o.
829 3066 920 3130 meu
942 3056 1137 3134 Historiam
1156 3054 1422 3134 mimirsfimm
1439 3054 1596 3162 docebit,
1616 3054 1790 3158 imprimis
1808 3059 2046 3148 recentiorem,

764 3175 889 3254 diehrus
910 3178 1051 3268 Lunae,
1075 3177 1202 3253 Martia
1223 3183 1261 3253 et
1282 3175 1466 3268 Mercurii,
1489 3233 1500 3255 .
1524 3229 1558 3256 .·
1562 3232 2045 3257 ..............
2155 3178 2235 3255 XII.

815 3297 1032 3374 Christianae
1066 3297 1210 3374 Morum
1242 3297 1454 3399 Disciplinae
1484 3303 1622 3400 partem
1649 3304 1799 3399 exponet
1826 3299 2042 3376 theoreticam
2187 3393 2192 3400 Ι

864 3424 901 3494 et
924 3419 1135 3517 practicam,
1162 3417 1287 3494 diebus
1308 3417 1449 3508 Lunae,
1480 3415 1650 3495 Mercurii
1674 3424 1710 3493 et
1734 3417 1879 3494 Veneris
1887 3473 2043 3509 .....
2178 3417 2236 3494 Xl.

812 3537 1028 3640 Scriptorum
1049 3534 1393 3627 Ecclesiastioornm‚
1416 3537 1569 3614 maxime
1592 3539 1828 3639 Belpioom,
1854 3537 2049 3619 Historiam

862 3659 998 3749 tradet,
1032 3656 1158 3736 diebus
1190 3658 1288 3736 Iovis
1312 3664 1350 3734 et
1375 3656 1521 3733 Veneris
1526 3714 2047 3748 ...............
2162 3656 2235 3732 Xll.

811 3779 910 3853 Artis
943 3778 1157 3854 thtiauae
1184 3776 1365 3852 historiam
1396 3775 1599 3876 explicabit,
1634 3777 1692 3855 die
1715 3779 1841 3856 Martis
1850 3838 2042 3871 ......
2172 3778 2236 3856 XI.

814 3893 1039 3970 Orationibus
1064 3897 1169 3972 sacris
1189 3895 1357 3997 praemit,
1380 3895 1438 3970 die
1459 3897 1586 3975 Martie
1594 3956 2039 3990 .............
2187 3898 2235 3975 ll.

713 4030 739 4090 1.
758 4026 800 4090 H.
820 4023 1032 4087 aaronica
1055 4014 1280 4115 Dogmcioes
1311 4009 1531 4094 einamma
1559 4025 1694 4120 portem
1727 4019 1953 4122 posteriorem
1982 4043 2041 4097 cr-
2208 4051 2213 4054 ·

763 4137 890 4238 plicare
909 4140 1048 4236 perget,
1071 4134 1196 4210 diebus
1216 4134 1343 4210 Martis
1361 4141 1399 4210 et
1418 4135 1511 4212 Iovis
1517 4195 1709 4228 ......
1722 4234 1726 4241 ἡ
1738 4195 2037 4217 .........
2160 4140 2236 4228 XI,

906 4264 944 4332 et
968 4255 1094 4333 diebus
1117 4253 1210 4332 Iovia
1232 4262 1271 4330 et
1289 4253 1436 4332 Veneris
1443 4308 2035 4346 .................
2187 4257 2234 4335 X.

812 4376 998 4452 Introitum
1018 4375 1055 4454 in
1077 4374 1176 4453 libris
1197 4377 1245 4454 N.
1258 4376 1299 4453 Τ.
1319 4377 1456 4465 tradet,
1478 4377 1603 4454 diebus
1614 4376 1736 4454 Lunae
1759 4384 1796 4452 et
1814 4377 1928 4469 Iovis,
1952 4437 1963 4456 .
1989 4436 1998 4454 .
2025 4435 2037 4456 .
2204 4385 2233 4455 1.

812 4495 1035 4596 Theologiam
1065 4497 1259 4574 naturalem
1296 4495 1453 4587 docebit,
1490 4497 1682 4574 enmauda
1714 4497 1858 4576 historia
1888 4497 2039 4599 philoso-

859 4614 961 4714 phiae
975 4614 1022 4690 de
1039 4616 1133 4707 Deo,
1147 4617 1349 4718 praesertim
1363 4617 1524 4718 antiqua,
1542 4616 1857 4696 diebuaMurtiaet
1869 4618 2034 4718 Veneria,
2201 4621 2230 4695 i.

811 4731 1037 4810 Orationibus
1058 4735 1162 4812 acub
1182 4736 1351 4837 praeerit,
1374 4735 1501 4816 diebus
1519 4744 1557 4815 ot
1572 4738 1668 4818 horis
1687 4738 1755 4819 sibi
1776 4747 1814 4818 et
1832 4739 2037 4820 Candidatia
2118 4779 2121 4782 ·

856 4849 1063 4956 Theologiae
1088 4855 1290 4934 commodis.
