4959 6175
688 649 752 717 106
1289 649 1323 716 P.
1359 649 1610 716 HARTlllG

686 856 768 932 huic
791 855 904 930 ordini
937 854 1132 953 adscriptus
1164 853 1241 930 fuit.
1292 857 1384 931 Nam
1420 865 1501 932 anta
1531 855 1761 956 quadraginta
1796 877 1904 930 annos
1929 861 1965 928 et
1990 856 2139 955 amplius
2163 881 2206 930 ex

685 975 857 1051 Athenaei
888 973 1158 1049 Harderoviceni
1189 972 1369 1074 naufragio
1395 975 1463 1052 huc
1489 977 1603 1052 salvus
1629 975 1756 1063 evasit,
1786 961 1992 1048 Professoris
2019 975 2204 1050 extraordi-

685 1094 775 1168 narii
796 1094 984 1169 honoribus
1010 1093 1206 1192 insignitus.
1258 1095 1356 1172 Quot
1378 1097 1690 1172 commutationum
1712 1094 1749 1168 in
1774 1093 1963 1170 Academia
1983 1103 2117 1183 nostra,
2142 1095 2205 1172 hac

684 1237 855 1288 annorum
886 1212 995 1302 serie,
1033 1213 1132 1288 testis
1168 1213 1255 1288 fuitl
1305 1217 1487 1294 Quantum
1525 1216 1745 1316 collegarum
1768 1237 1953 1288 numerum
1978 1214 2084 1320 luxit!
2137 1215 2204 1290 Sed

684 1332 729 1408 ab
757 1333 812 1408 his
840 1333 929 1408 vitae
955 1333 1125 1431 cuiusque
1158 1333 1322 1432 longioris
1343 1319 1434 1408 euris
1456 1341 1492 1408 et
1514 1333 1680 1408 molestiis
1709 1331 1826 1406 oculos
1849 1331 1941 1406 bona
1965 1355 2045 1406 cnm
2077 1356 2136 1431 spe
2159 1335 2203 1408 ad

683 1453 772 1528 illud
793 1453 1045 1542 convertimus,
1070 1453 1165 1551 quod
1185 1452 1298 1552 primo
1322 1454 1574 1553 praecipuoque
1602 1454 1675 1528 loco
1701 1450 1877 1550 spectavit.
1927 1452 1971 1524 ld
1994 1451 2087 1526 enim
2112 1453 2202 1552 egit,

684 1579 725 1646 ut
743 1574 909 1648 Muscam
938 1571 1114 1648 Historiae
1147 1573 1313 1646 naturalis
1336 1582 1470 1670 pararet
1499 1573 1690 1672 exquisitae
1717 1579 1752 1646 et
1782 1570 2048 1671 pulchritudinis
2071 1580 2106 1645 et
2130 1597 2201 1646 anr-

606 1777 610 1782 ,
681 1692 874 1790 plitudinis.
924 1694 1045 1790 Atque
1076 1691 1141 1768 hoc
1162 1691 1212 1764 sic
1239 1690 1290 1763 illi
1314 1691 1435 1779 cessit,
1462 1698 1502 1765 ut
1531 1714 1643 1791 nuper
1667 1715 1688 1764 a
1711 1687 1918 1789 peritissimo
1941 1687 2063 1764 harum
2088 1713 2200 1764 rerum

680 1812 794 1886 iudice
817 1811 1026 1909 acciperem,
1049 1812 1215 1884 Muscam
1238 1809 1378 1907 privatis
1399 1811 1573 1886 sumtibus
1596 1817 1777 1909 paratum,
1799 1807 1981 1907 quodidie
2004 1808 2202 1886 nominibus

681 1931 827 2006 conferri
851 1955 932 2005 cum
954 1955 1018 2004 suo
1041 1936 1176 2029 posset,
1200 1952 1375 2026 nusquam
1398 1938 1544 2004 exstare.
1594 1929 1632 2002 Si
1659 1930 1823 2004 lustranti
1844 1928 1906 2003 hos
1930 1928 2110 2004 thesauros
2136 1931 2199 2005 du-

678 2050 777 2126 bium
810 2074 1062 2148 nonnunquam
1094 2059 1187 2137 erat,
1213 2048 1370 2148 magisne
1404 2049 1478 2148 ipse
1505 2049 1734 2124 admiraretur
1767 2049 1925 2147 exempla
1952 2073 2087 2138 rerum,
2114 2074 2200 2148 quae

676 2171 714 2246 in
737 2171 956 2271 paucissimis
978 2178 1115 2244 tantum
1143 2169 1279 2244 Museis
1305 2177 1542 2259 asservantur,
1569 2195 1613 2246 an
1646 2195 1723 2244 varo
1746 2168 1956 2268 exquisitam
1989 2193 2129 2268 operam
2160 2171 2201 2246 iis

675 2290 892 2367 elaborandis
915 2289 1127 2377 adhibitam,
1150 2288 1238 2362 illud
1261 2289 1425 2363 continuo
1448 2290 1654 2389 apparebat,
1679 2315 1737 2366 eos
1761 2289 1811 2364 illi
1835 2289 1964 2388 insigni
1988 2299 2024 2364 at
2047 2299 2198 2390 tempore

677 2420 713 2486 et
743 2410 859 2486 labore
886 2418 923 2484 et
950 2408 1075 2482 virium
1106 2407 1297 2482 intentione
1326 2415 1362 2482 et
1393 2408 1502 2508 ipsius
1531 2409 1620 2484 vitea
1653 2417 1768 2509 parte,
1793 2417 1869 2484 tum
1903 2411 2007 2485 etiarn
2040 2413 2199 2488 maximis

674 2531 841 2630 impensis
865 2528 1070 2604 constitisse.

724 2649 975 2724 Verumtamen
999 2672 1069 2722 non
1095 2671 1153 2721 eos
1174 2647 1257 2722 inde
1280 2646 1413 2722 fructus
1436 2647 1546 2747 cepit,
1578 2673 1666 2748 quos
1699 2648 1762 2724 hae
1792 2647 1891 2722 senili
1924 2657 2033 2724 aetate
2056 2647 2198 2746 plurimi

674 2769 822 2845 fecisset.
873 2771 1003 2844 Contra
1039 2792 1176 2843 summo
1211 2793 1294 2844 cum
1333 2768 1449 2844 dolore
1488 2768 1593 2858 vidit,
1629 2811 1681 2830 -
1718 2776 1753 2843 et
1787 2768 1913 2844 doloris
1951 2766 2055 2842 huius
2090 2767 2198 2842 socios

675 2889 799 2964 habuit
822 2890 953 2989 patriae
982 2896 1018 2964 et
1042 2888 1276 2964 doctrinarum
1303 2889 1557 2966 amantissimos
1585 2889 1694 2979 viros,
1719 2933 1771 2950 -
1795 2897 1950 2964 moestus
1972 2887 2091 2985 itaque
2115 2886 2198 2961 vidit

675 3017 809 3110 partem
842 3008 1081 3108 pretiosissimi
1111 3008 1229 3084 Musei
1253 3007 1289 3083 in
1318 3015 1451 3084 exteras
1474 3009 1661 3084 abeuntem
1687 3009 1855 3109 regiones.
1908 3009 2113 3084 Gaudemus
2137 3032 2197 3082 au·

674 3136 748 3205 tem
773 3130 960 3206 maximam
990 3136 1026 3204 et
1051 3129 1355 3229 praeclarissimam
1380 3130 1455 3205 eius
1479 3138 1612 3229 partem
1639 3130 1787 3230 patriam
1815 3129 1971 3203 nondum
2000 3128 2192 3226 reliquisse,

675 3250 712 3323 in
736 3275 807 3348 qua
828 3256 867 3324 ut
893 3249 1010 3325 sedem
1037 3249 1144 3324 fixam
1174 3258 1405 3348 consequatur
1433 3251 1664 3349 inserviatque
1698 3248 1948 3350 amplificandis
1979 3248 2114 3321 Museis
2141 3248 2191 3322 in·

674 3370 796 3469 primis
818 3369 1054 3458 Academicis,
1078 3368 1183 3443 etiam
1206 3376 1314 3467 atque
1334 3370 1440 3446 etiam
1467 3378 1639 3471 optamus.

722 3728 822 3802 Bona
844 3727 945 3803 malis
968 3726 1080 3802 miste
1101 3751 1196 3816 esse,
1217 3725 1381 3801 omnibus
1403 3726 1440 3801 in
1461 3752 1519 3803 ore
1539 3735 1604 3803 est.
1644 3729 1691 3803 nt
1716 3752 1780 3803 nos
1803 3726 1964 3827 quidem,
1988 3724 2191 3815 Auditores,

675 3847 764 3921 hanc
786 3846 993 3921 sententiam
1017 3846 1105 3921 adeo
1127 3871 1198 3921 non
1220 3870 1410 3945 negamus,
1443 3872 1518 3923 eam
1545 3856 1585 3923 ut
1612 3848 1697 3949 ipsis
1721 3848 1950 3937 Academiae,
1975 3846 2192 3923 vehementer

672 3965 840 4054 afflictae,
864 3965 946 4040 fatis
970 3966 1109 4063 probari
1131 3974 1309 4066 putemus.

721 4084 879 4159 Primum
901 4085 1015 4175 enim,
1039 4086 1135 4184 quod
1158 4095 1257 4185 grato
1283 4086 1519 4185 praedicamus
1542 4088 1675 4178 animo,
1699 4090 1735 4163 in
1761 4089 1909 4165 duorum
1933 4087 2189 4161 demortuorum

675 4205 788 4279 locum
813 4204 876 4278 viri
899 4215 1154 4295 successerunt,
1178 4207 1278 4283 nobis
1303 4208 1562 4307 exoptatissimi.

723 4324 803 4399 Hoc
825 4325 1008 4401 affirmanti
1033 4326 1119 4400 mihi
1147 4335 1186 4401 tu
1202 4329 1366 4403 continuo
1390 4329 1499 4403 menti
1520 4328 1731 4417 obversaris,
1750 4325 2093 4403 Excellentissimime
2117 4348 2190 4399 van

674 4468 862 4534 sarasan,
882 4470 987 4544 quem
1010 4447 1088 4522 Rex
1107 4449 1390 4547 Angustissimus
1410 4472 1577 4525 nwrcuro
1599 4446 1906 4535 desideratissimo,
1927 4445 2046 4547 paucis
2056 4444 2190 4520 dierum

673 4564 950 4640 hebdomadibus
981 4567 1053 4642 vita
1079 4568 1263 4657 defuncto,
1299 4592 1527 4645 successorem
1553 4568 1758 4667 designavit.
1808 4558 1866 4643 Ab
1898 4564 2069 4655 hocloco
2104 4574 2140 4639 et
2170 4590 2192 4641 a

672 4708 819 4783 persona
843 4708 923 4759 mea
946 4686 1098 4762 ebenum
1119 4696 1192 4777 est,
1215 4697 1252 4763 te
1279 4689 1316 4763 in
1340 4714 1378 4764 os
1399 4689 1559 4779 laudare,
1583 4712 1653 4765 non
1678 4688 1849 4777 alienum,
1882 4686 2027 4763 laudam
2051 4693 2192 4759 tuarum

673 4829 782 4881 seram
810 4809 929 4902 optare
958 4830 1000 4880 ex
1028 4807 1091 4883 hec
1113 4808 1276 4885 cathedra
1302 4809 1660 4887 commemorationem
1667 4840 1677 4898 ;
1706 4832 1776 4884 non
1797 4808 1970 4897 alienum,
1995 4805 2095 4882 lateri
2120 4806 2191 4878 Cu-
