4959 6175
715 686 758 756 dd
1260 688 1287 758 1.
1321 686 1361 757 G.
1398 688 1691 755 uuttsusu
1788 710 1795 721 ·

715 892 824 993 dique
844 891 1023 983 libertate,
1048 894 1163 969 Nerva
1186 892 1276 969 viam
1303 894 1350 971 ad
1369 896 1502 995 optima
1522 920 1682 995 quaeque
1702 894 1810 971 etiam
1831 893 2019 969 Traianum
2037 894 2235 994 adoptando

714 1012 955 1114 praemunivit.
1006 1014 1075 1089 Oui
1102 1012 1243 1113 quidem
1279 1014 1309 1089 si
1340 1016 1564 1115 gmrissimus
1597 1015 1695 1091 labor
1725 1013 1933 1090 restituendi
1965 1038 2056 1113 quaa
2079 1011 2232 1114 priorum

713 1142 911 1234 temporum
944 1133 1092 1209 servitus
1116 1140 1326 1233 perverterat
1355 1160 1425 1209 non
1449 1135 1554 1211 aeaut
1574 1136 1736 1223 omnino,
1759 1132 1973 1235 culpandum
1994 1133 2112 1233 ipsum
2135 1150 2231 1210 secu·

713 1254 786 1331 lum
812 1261 883 1343 est,
908 1252 1081 1353 culpanda
1109 1252 1291 1329 inveterati
1310 1254 1394 1330 mali
1416 1255 1467 1330 vis
1486 1263 1524 1330 et
1545 1255 1771 1355 magnitudo,
1794 1278 1865 1329 non
1896 1254 2034 1329 animus
2057 1264 2232 1353 praestan·

710 1374 839 1451 tissimi·
859 1374 1050 1474 Principis,
1074 1374 1137 1473 qui
1157 1374 1245 1449 nihil
1268 1399 1305 1449 se
1327 1374 1519 1475 impensius
1541 1400 1678 1463 curare,
1703 1398 1810 1473 quam
1835 1382 1876 1447 ut
1901 1372 2000 1449 bonis
2022 1373 2156 1449 artibus
2186 1376 2231 1449 ad

709 1494 873 1569 virtutem
894 1519 973 1570 vere
994 1496 1189 1570 Romanam
1211 1520 1292 1571 suos
1312 1494 1558 1583 conformaret,
1582 1495 1703 1571 multis
1721 1494 1891 1595 praeclare
1909 1494 2080 1569 institutis
2101 1518 2231 1593 suoque

710 1614 786 1713 ipse
820 1614 978 1714 exemplo
1013 1614 1206 1689 luculenter
1238 1614 1407 1714 pmbavit.
1457 1616 1598 1690 Praeter
1628 1616 1877 1714 Imperatorem
1902 1622 2020 1687 autem
2050 1614 2230 1690 meliomm

710 1732 837 1809 civium
864 1742 899 1807 et
932 1733 1194 1833 prudentiorum
1224 1734 1502 1833 quotusquisque
1533 1734 1696 1809 inventus
1726 1743 1798 1821 ast,
1823 1734 1885 1832 qui
1914 1757 1984 1807 non
2017 1733 2092 1831 pari
2116 1735 2229 1809 studio

707 1852 802 1928 idem
823 1852 1072 1927 contenderet?
1120 1853 1298 1927 Nimirum
1322 1854 1551 1930 meminerant
1569 1854 1621 1929 illi
1642 1854 1750 1954 inque
1770 1854 1896 1929 animis
1915 1864 2083 1954 tanquam
2104 1855 2227 1931 inscul-

708 1980 808 2072 ptum
834 1972 1029 2062 habebant,
1055 1970 1149 2073 quod
1174 1972 1260 2047 scite
1283 1981 1339 2047 est
1360 1974 1521 2049 Enniano
1546 1975 1712 2050 versiculo
1736 2000 1953 2075 expressum:

1107 2214 1234 2275 Moribus
1254 2214 1375 2295 antiquis
1393 2221 1449 2277 stat
1469 2235 1513 2277 ras
1533 2216 1661 2277 Romana
1680 2215 1809 2297 virisque.

709 2450 816 2529 Quod
836 2456 952 2525 tamen
976 2450 1191 2549 propositum
1214 2474 1321 2549 quam
1345 2452 1448 2528 variis
1469 2454 1584 2529 modis
1609 2452 1680 2527 sint
1701 2451 1872 2539 exsecuti,
1896 2449 2080 2549 diligenter
2100 2455 2136 2523 et
2160 2449 2226 2523 sin·

707 2570 854 2671 gulatim
886 2594 1057 2669 exponere
1089 2594 1198 2669 quum
1234 2570 1396 2648 historiae
1430 2598 1506 2649 esse
1541 2574 1716 2662 videatur,
1751 2570 1852 2647 nobis
1884 2570 2027 2668 quidem
2058 2567 2228 2643 suffecerit

705 2692 835 2791 passim
869 2714 910 2765 ea
931 2690 1045 2789 capito
1077 2690 1265 2791 attingere,
1297 2716 1388 2790 quae
1419 2693 1465 2768 sd
1495 2693 1671 2769 literarum
1697 2702 1769 2767 tam
1799 2689 1951 2766 indolem
1978 2709 2083 2788 quam
2114 2687 2228 2761 studia

704 2810 860 2911 proxime
883 2809 1087 2909 pertineant.
1137 2810 1219 2909 Ipse
1242 2818 1358 2886 autam
1382 2811 1552 2887 Traianus
1574 2812 1732 2887 literatus
1751 2836 1816 2887 nec
1839 2811 1906 2887 luit
1929 2834 2062 2908 neque,
2088 2816 2130 2883 ut
2153 2807 2226 2883 Ha·

707 2931 869 3019 drianus,
902 2930 1011 3005 videri
1033 2928 1157 3017 voluit;
1192 2954 1237 3005 ne
1271 2931 1419 3006 dicendo
1443 2932 1586 3031 quidem
1618 2933 1769 3008 multum
1803 2956 1885 3007 eum
1916 2930 2064 3007 valensa
2096 2929 2226 3027 accepi·

705 3075 785 3126 mus
806 3052 855 3145 ⁴);
881 3048 942 3125 sed
962 3048 1119 3149 quamvis
1142 3056 1232 3125 esset
1263 3075 1284 3127 a
1310 3051 1467 3128 doctrina
1496 3051 1712 3128 mediocriter
1741 3052 1951 3139 instructus,
1985 3050 2078 3126 idem
2109 3058 2224 3124 ιιιιιιιιι

707 3172 899 3272 praeceptis
921 3160 1158 3270 philosophiae
1180 3171 1264 3246 satis
1286 3171 1444 3248 imbutus
1467 3181 1504 3247 et
1524 3173 1653 3248 artium
1675 3173 1906 3273 ingenuarum
1927 3169 2050 3268 utqui
2074 3169 2221 3244 maxime

633 3343 640 3365 ‹.
705 3288 963 3379 amans,·illam
982 3289 1027 3364 ad
1054 3289 1143 3364 vitae
1165 3315 1268 3366 usum
1291 3292 1550 3370 accommodare
1573 3293 1757 3382 didicerat,
1782 3294 1959 3369 literarum
1978 3299 2163 3391 patronum
2184 3313 2220 3365 se

704 3410 901 3512 praestabat
919 3409 1233 3509 diligentissimum.
1276 3412 1483 3488 condidisse
1504 3412 1730 3489 bibliothecas
1751 3415 1868 3514 plures
1885 3411 2052 3497 traditur,
2076 3434 2221 3508 quarum

705 3539 795 3608 certe
819 3554 908 3630 quae
933 3530 1038 3630 Ulpia
1063 3530 1154 3605 dicta
1180 3531 1292 3605 estin
1325 3532 1446 3630 primis
1471 3532 1634 3606 inclaruit
1654 3533 1706 3624 ³),
1743 3541 1853 3630 utque
1884 3530 2046 3605 laudatur
2078 3527 2154 3602 eius
2185 3528 2221 3602 in
2249 3573 2252 3579 ·

527 3693 531 3702 ·
638 3633 660 3650 χ
704 3652 792 3725 viros
818 3651 937 3726 doctos
963 3649 1220 3737 benevolentia,
1244 3651 1295 3724 ita
1310 3649 1533 3742 ‚celebrantur
1564 3675 1653 3748 qnos
1674 3651 1799 3727 babuit
1819 3650 1958 3727 dicendi
1983 3648 2158 3747 magistris
2187 3656 2223 3722 et

703 3770 889 3868 sapientiae
923 3769 1121 3846 doctoribus
1155 3770 1312 3844 honores.
1363 3771 1446 3847 Qus
1470 3778 1586 3846 tamen
1617 3771 1655 3844 in
1689 3793 1727 3844 re
1750 3771 1887 3846 ridetur
1920 3768 2123 3843 auctoritate
2155 3789 2220 3843 sua

704 3889 867 3976 scienter,
891 3887 1095 3962 liberalitate
1118 3887 1253 3963 modice
1280 3913 1365 3964 usus
1390 3913 1485 3978 esse,
1508 3915 1623 3988 neque
1643 3889 1816 3978 effecisse,
1842 3889 1937 3988 quod
1961 3887 2006 3962 ab
2030 3886 2105 3962 aliis
2126 3909 2219 3960 com·

642 4053 647 4062 ·
704 4009 851 4083 missum
876 4015 948 4094 est,
963 3993 1020 4080 'ut
1044 4007 1236 4082 literatores
1260 4006 1376 4105 potius
1400 4030 1506 4105 quam
1528 4006 1621 4106 ipsas
1645 4008 1760 4083 literas
1785 4009 1891 4084 aleret
1917 4011 1961 4101 ⁰).
2012 4005 2082 4079 Sed
2110 4028 2219 4102 quau·

624 4212 626 4218 ,
704 4137 920 4227 tumcunque
956 4125 1103 4202 Traiano
1133 4126 1251 4202 literae
1284 4125 1499 4214 debuerunt,
1537 4125 1763 4202 blandissima
1800 4141 1916 4204 tamen
1955 4125 2060 4200 verba
2093 4123 2216 4211 Plinii,

703 4249 902 4324 servitutem
938 4247 1083 4348 priorem
1118 4271 1198 4322 cum
1232 4248 1393 4322 restituta
1426 4246 1584 4322 libertate
1620 4249 1868 4346 comparantis,
1907 4248 2060 4322 multum
2100 4244 2216 4331 abest,

701 4371 745 4458 A.
760 4369 824 4443 A.l
864 4391 930 4467 ego
965 4375 1004 4443 ut
1035 4392 1114 4443 mea
1142 4367 1276 4443 faciam.
1326 4366 1508 4442 Laudibus
1537 4367 1597 4442 ille
1627 4367 1821 4466 Principem
1858 4391 1961 4444 suum
1997 4366 2216 4462 eundemque

702 4490 870 4572 ¹fautorem
897 4497 1017 4588 gratus
1048 4488 1258 4576 cumulavit,
1291 4489 1337 4562 ad
1369 4487 1546 4562 veritatem
1575 4511 1699 4586 parum
1734 4487 1871 4564 locutus
1902 4496 1975 4577 est,
2009 4511 2120 4586 quum
2154 4484 2216 4558 boc

703 4611 914 4708 Imperatore
932 4608 1107 4684 literarum
1128 4611 1242 4683 studia
1261 4611 1417 4706 apiritm
1442 4616 1478 4682 et
1497 4610 1692 4707 sosprises»
1712 4611 1916 4706 et‘pctn'ant
1937 4609 2103 4704 recepisse
2125 4627 2215 4679 asse·

702 4737 833 4802 vereret
856 4729 901 4820 ⁷).
949 4727 1044 4802 illud
1072 4727 1212 4826 quidem
1236 4728 1293 4802 rix
1320 4725 1504 4825 quisquam
1534 4728 1729 4826 negaverit,
1752 4735 1834 4827 post
1856 4726 2038 4802 Octaviani
2062 4735 2216 4824 tempore

697 4853 734 4926 in
760 4849 843 4926 orbe
864 4848 1041 4939 Romano,
1067 4849 1249 4949 praecipue
1271 4847 1309 4924 in
1328 4847 1404 4948 ipsa
1426 4845 1540 4934 Urbe,
1564 4869 1624 4922 eas
1650 4855 1763 4936 artes,
1783 4872 1873 4946 quae
1897 4848 1943 4922 ad
1965 4844 2215 4920 humanitatem
