4959 6175
705 668 747 735 26
1123 662 1149 728 1.
1184 662 1223 729 Η.
1258 660 1541 730 STUFFKEN
1575 655 1799 727 onnrlo.

549 874 553 883 “
702 875 850 979 privant.
887 871 931 947 ln
953 866 1146 949 studiorum
1168 868 1339 947 curriculo
1357 891 1428 946 non
1449 891 1591 960 omnes,
1616 864 1713 967 quod
1733 887 1838 943 nemo
1859 863 2059 958 mirabitur,
2078 868 2227 948 eundem

703 992 856 1095 ingenii,
881 989 1021 1082 iudicii,
1056 990 1243 1067 memoriae
1266 990 1358 1081 vim,
1392 1012 1464 1066 non
1497 1010 1620 1065 omnes
1644 986 1793 1065 eandem
1826 985 2048 1065 sedulitatem
2065 994 2103 1065 et
2120 990 2226 1068 indu·

704 1115 825 1191 atrium
853 1104 984 1189 fecistis
1018 1110 1251 1213 conspicuam.
1301 1110 1373 1187 Sed
1400 1110 1461 1187 alii
1488 1116 1644 1187 restrum
1671 1108 1770 1209 quod
1799 1106 2061 1186 deuderabatur
2086 1110 2227 1189 assiduo

705 1235 822 1312 labore
843 1256 908 1309 nac
930 1230 1005 1309 sine
1024 1230 1143 1309 iruotu
1166 1232 1327 1333 supplere
1355 1231 1470 1309 conati
1495 1238 1600 1309 mut:
1625 1229 1703 1307 aliia
1724 1226 1813 1305 nihil
1830 1227 2010 1330 antiquina
2029 1230 2100 1307 fuit
2120 1255 2226 1331 quam

703 1354 860 1457 egregias
892 1352 1037 1443 mentis,
1061 1350 1192 1451 quibus
1213 1352 1410 1444 emineant,
1443 1352 1545 1427 dotes
1567 1348 1752 1451 diligenter
1774 1349 1939 1426 excubae.
1987 1350 2226 1443 Perseverate,

700 1474 824 1575 optimi
844 1473 1009 1563 iuvenca,
1032 1470 1071 1547 in
1090 1472 1236 1561 artium,
1261 1472 1495 1549 doctrinarum
1518 1470 1766 1569 literarumque
1791 1468 1928 1547 studiis.
1979 1471 2087 1548 Quod
2108 1494 2224 1549 emen·

701 1593 857 1679 dandum
883 1616 958 1669 esse
977 1590 1046 1692 ipsi
1067 1590 1213 1681 ridetis,
1237 1592 1441 1683 emendate,
1466 1592 1561 1693 quod
1585 1589 1860 1668 conservandum
1891 1598 2106 1681 conmmate,
2129 1593 2224 1693 quud

701 1712 949 1805 excolendum,
987 1711 1222 1803 intentissima
1253 1736 1337 1789 cura
1362 1712 1518 1789 excolite.
1567 1712 1663 1813 Erga
1688 1716 1869 1813 parentas,
1893 1710 2140 1803 Academiam,
2163 1736 2223 1811 pu·

701 1835 824 1923 triam,
850 1830 1023 1933 quidquid
1044 1831 1120 1909 iure
1143 1855 1207 1909 suo
1229 1858 1252 1909 a
1273 1832 1372 1909 vobis
1394 1832 1593 1933 postulant,
1628 1831 1787 1932 religiose
1814 1838 1999 1932 praestate.
2047 1830 2126 1920 Sic,
2149 1832 2223 1907 Deo

701 1957 906 2046 adiuvante,
939 1954 1092 2049 artibus,
1130 1953 1315 2043 doctrinis,
1350 1953 1459 2029 literis
1489 1953 1643 2029 colendis
1676 1953 1759 2029 huie
1780 1951 1912 2053 patriae
1932 1957 2069 2027 nostrae
2092 1950 2221 2027 emolu·

704 2086 822 2155 mento
845 2077 1031 2178 aliqnando
1056 2076 1153 2153 critis
1176 2084 1213 2153 ct
1236 2086 1450 2152 ornamento.

751 2320 809 2394 Ad
831 2318 985 2394 muneris
1004 2315 1163 2393 Rectoris
1183 2316 1291 2391 finam
1309 2315 1460 2415 perveni.
1498 2314 1693 2404 Omnibus,
1713 2315 1777 2415 qui
1797 2315 1874 2391 eius
1890 2312 2221 2390 administrationem
2357 2408 2365 2415 .

700 2438 787 2514 mihi
822 2446 1003 2538 utcunque
1038 2434 1266 2513 reddidenmt
1307 2434 1514 2525 faciliorem,
1552 2435 1682 2535 gratias
1719 2460 1787 2535 ago
1826 2434 2006 2534 habeoque
2041 2433 2218 2511 maximas.

698 2557 957 2635 Lubentissime
977 2555 1155 2633 autemid
1178 2556 1315 2657 depono
1336 2555 1471 2654 tibique
1492 2555 1612 2647 trado,
1635 2554 1824 2631 ciarisdme
1844 2577 1960 2631 arnon
1973 2577 2140 2646 naonis,
2164 2554 2220 2631 cui

699 2678 777 2752 Rex
798 2675 1069 2777 augustissimus
1092 2674 1132 2753 id
1156 2676 1194 2753 in
1223 2675 1422 2777 proximum
1446 2698 1580 2752 annum
1607 2674 1745 2753 detulit.
1795 2674 1916 2766 Salve,
1940 2675 1993 2752 vir
2019 2675 2219 2776 magnifice,

698 2796 896 2898 iterumque
916 2797 1019 2876 edre.
1068 2798 1113 2873 In
1138 2816 1283 2872 munere
1303 2803 1368 2872 too
1388 2795 1552 2873 obeundo
1570 2818 1733 2897 prospera
1755 2801 1853 2873 utere
1877 2795 2027 2874 fertum.
2073 2797 2220 2873 Deusai

702 2918 824 2993 annuit
842 2917 949 3009 noim,
974 2924 1010 2995 te
1028 2918 1177 2997 Rectore
1199 2915 1330 3018 vigebit
1351 2923 1388 2993 ei
1404 2916 1540 2995 florebit
1560 2915 1750 2995 Academia
1767 2916 2100 3019 eugunio-Baua.
2124 2918 2219 2995 Diri.
