4959 6175
884 691 1161 761 carrrc.
1504 790 1507 793 Α
1742 691 1785 760 as

270 898 386 975 tiunus
411 897 552 974 tandem
578 899 674 975 haud
698 900 748 975 ita
768 923 895 999 magno
915 898 1092 973 intervallo
1115 897 1209 973 velut
1230 920 1301 972 uno
1323 896 1397 971 ictu
1427 920 1500 971 rem
1529 894 1705 996 publicam
1730 922 1787 972 ex-

271 1020 403 1107 hausit3
428 1064 479 1080 -
502 1045 714 1119 quamquam
741 1044 785 1094 ne
809 1027 886 1093 tum
908 1019 1050 1118 quidem
1074 1018 1159 1093 adeo
1184 1018 1355 1101 virtutum
1382 1016 1497 1092 sterile
1525 1016 1680 1092 seculum
1703 1015 1788 1108 fuit,

272 1148 403 1216 utnon
431 1148 466 1215 et
493 1141 583 1216 bona
606 1142 763 1239 exempla
788 1140 964 1239 proderet,
990 1140 1165 1214 literarum
1192 1164 1282 1237 quae
1305 1145 1493 1238 potuerunt
1518 1162 1593 1212 esse
1616 1138 1684 1213 nisi
1707 1137 1787 1213 flac·

272 1262 442 1337 vescentia
476 1262 614 1348 studia,
648 1285 737 1358 quae
762 1260 830 1334 fuit
854 1284 973 1358 reapse
999 1259 1066 1333 nisi
1099 1260 1290 1334 miserrima
1320 1258 1501 1335 condicio?
1551 1258 1668 1349 Quid,
1693 1256 1789 1357 quod

272 1384 326 1457 vel
348 1391 501 1456 mortuos
521 1380 662 1455 laudare
681 1380 826 1479 capitale
844 1379 927 1468 fuit,
949 1387 1099 1479 suntque
1119 1379 1289 1455 triumviri
1309 1378 1501 1479 designati,
1517 1379 1579 1477 qui
1596 1380 1633 1453 in
1651 1378 1789 1453 comitio

271 1526 311 1575 ac
336 1501 409 1575 foro
440 1508 665 1575 monumenta
687 1499 953 1576 clarissimorum
980 1501 1198 1601 ingeniorum
1232 1498 1373 1575 subdito
1397 1501 1479 1599 igne
1509 1500 1790 1574 concremarent?

271 1620 351 1695 Non
378 1626 478 1697 teneo
510 1617 581 1707 me,
609 1622 653 1694 A.
666 1622 728 1695 Ar
754 1620 846 1719 ‘quin
873 1622 936 1696 hoc
961 1622 1035 1697 loco
1059 1622 1095 1695 iu
1118 1620 1321 1696 memoriam
1348 1619 1445 1695 vobis
1468 1620 1631 1695 reducam
1654 1619 1790 1693 histori-

271 1764 390 1816 corum
415 1739 632 1815 disertissimi
650 1741 951 1841 indignabundam
967 1743 1182 1840 eandemque
1201 1742 1438 1841 gravissimam
1461 1766 1588 1817 vocem.
1626 1771 1644 1810 a
1654 1739 1792 1815 Scilicet

272 1861 330 1936 illo
351 1862 433 1960 igne
456 1885 573 1936 vacem
597 1861 717 1960 populi
746 1862 897 1936 Romam
919 1869 954 1936 et
984 1862 1177 1937 libertatem
1209 1862 1358 1936 Senatus
1393 1871 1428 1935 et
1458 1861 1702 1936 conscientiam
1730 1884 1790 1958 ge·

272 1981 365 2057 neris
385 1981 531 2055 humani
550 1979 679 2056 aboleri
696 1980 969 2071 arbitrabantur,
989 1983 1141 2081 expulsis
1159 1982 1306 2080 insuper·
1319 1980 1506 2080 sapientiae
1526 1980 1791 2080 professoribus,

273 2110 379 2200 atque
405 2101 501 2175 omni
524 2100 616 2175 baua
636 2108 709 2175 arte
737 2102 774 2174 in
802 2100 961 2174 exsilium
986 2110 1080 2187 acta,
1114 2125 1158 2173 ne
1187 2099 1274 2197 quid
1298 2122 1446 2195 usquam
1470 2098 1653 2171 honestum
1675 2123 1791 2172 occur-

274 2227 373 2295 reret.
423 2220 595 2293 Dedimus
618 2219 770 2318 profecto
802 2219 933 2317 grande
957 2217 1143 2315 patientiae
1173 2216 1440 2315 documentum,
1477 2225 1532 2303 et,
1568 2217 1658 2290 sicut
1694 2223 1793 2291 vetus

273 2346 369 2416 actus
387 2337 503 2440 ¹vidit,
539 2336 625 2435 quid
658 2336 821 2410 ultimum
855 2336 891 2409 in
917 2336 1074 2409 libertate
1097 2342 1204 2421 esset,
1238 2334 1288 2409 ita
1311 2360 1395 2422 uos,
1423 2336 1509 2433 quid
1542 2335 1578 2409 in
1611 2336 1794 2425 servitute,

274 2456 436 2554 adempto
461 2480 522 2554 per
546 2454 788 2553 inquisitiones
814 2462 849 2529 et
866 2455 1041 2553 'loquendi
1064 2453 1298 2553 audiendique
1321 2452 1536 2529 commercio.
1587 2456 1793 2531 Memoriam

275 2600 413 2676 quoque
444 2576 557 2674 ipsam
590 2599 671 2651 cum
696 2599 778 2651 voce
803 2574 1092 2674 perdidissemus,
1125 2574 1154 2649 si
1189 2584 1262 2649 tam
1297 2574 1334 2649 in
1366 2582 1483 2649 nostra
1510 2581 1680 2673 potestate
1704 2584 1795 2651 esset

274 2694 429 2772 oblivisci
454 2719 560 2793 quam
583 2696 719 2769 tacere’'
740 2696 785 2789 ³).

325 2815 499 2891 Convenit
527 2815 564 2889 in
598 2815 687 2891 hanc
711 2817 815 2891 Gom.
841 2815 950 2891 Taciti
975 2816 1185 2903 orationem,
1214 2814 1259 2890 A.
1272 2816 1337 2890 Aa
1374 2816 1467 2915 quod
1500 2815 1633 2890 dictum
1666 2822 1720 2889 est
1750 2816 1795 2891 da

277 2935 415 3036 egregia
438 2935 589 3034 pictura:
614 2938 725 3011 decies
749 2940 897 3035 repetita
911 2938 1074 3035 placebit.
1126 2936 1176 3009 Ut
1201 2960 1280 3010 vero
1305 2936 1342 3010 in
1366 2935 1422 3009 his
1447 2936 1708 3034 prudentissimi
1733 2937 1797 3011 viri

277 3055 390 3131 verbis
412 3056 526 3131 nescio
550 3078 639 3155 quae
664 3080 780 3132 amara
807 3056 953 3133 dulcedo
975 3080 1038 3133 nos
1064 3057 1155 3156 capit
1182 3064 1364 3156 tenetque,
1389 3055 1440 3132 ita
1462 3056 1675 3134 admiramur
1698 3081 1795 3157 saga·

276 3174 434 3265 citatem
460 3200 530 3274 qua
555 3175 717 3276 deinceps
740 3201 850 3276 quum
874 3178 1087 3278 praediceret
1108 3173 1214 3252 seculi
1234 3177 1289 3251 sui
1308 3177 1503 3253 libertatem
1526 3187 1564 3252 et
1580 3177 1795 3268 felicitatem,

275 3296 462 3372 imminens
485 3297 663 3374 literanum
688 3298 924 3374 Romanarum
954 3297 1108 3373 exitium
1127 3304 1294 3398 tanquam
1320 3298 1586 3398 praenuntiavit.
1639 3301 1796 3374 rNatnra

276 3423 393 3492 tamen
413 3417 625 3492 infirmitatis
653 3401 825 3495 humanae
847 3417 996 3494 tardiora
1020 3425 1102 3493 sunt
1122 3419 1293 3507 remedia,
1319 3444 1425 3518 quam
1448 3421 1559 3510 mala,
1584 3427 1620 3493 et
1651 3426 1693 3494 ut
1722 3441 1795 3493 cor·

276 3561 359 3636 pora
380 3537 473 3612 lente
497 3547 707 3636 augescunt,
733 3539 803 3614 cito
823 3539 1111 3639 exstinguuntur,
1137 3541 1186 3615 sic
1207 3539 1347 3639 ingenia
1380 3539 1567 3639 studiaque
1588 3539 1797 3639 oppresseris

218 3760 219 3763 Ἴ
278 3655 431 3746 facilius,
456 3681 563 3756 quam
585 3659 830 3735 revocaveris?
879 3661 955 3735 Aut
980 3685 1046 3760 ego
1077 3660 1191 3748 fallor,
1216 3669 1278 3735 aut
1302 3659 1367 3734 hoc
1399 3668 1453 3734 est
1478 3660 1673 3759 praeseutia
1697 3665 1798 3734 acute

279 3777 510 3876 perspexisse,
544 3779 608 3854 hoc
639 3780 726 3854 vatis
756 3779 865 3854 instar
896 3781 1059 3854 cecinisse
1092 3779 1219 3856 futura.
1270 3782 1317 3854 Et
1351 3780 1437 3854 mihi
1470 3780 1632 3878 quidem,
1669 3779 1713 3854 A.
1733 3780 1797 3856 Aa

280 3896 390 3970 Taciti
412 3897 472 3972 illa
506 3897 608 3974 verba
635 3923 744 3998 quum
769 3900 907 3999 saepius
937 3902 974 3976 in
1002 3902 1202 3976 memoriam
1226 3901 1339 3976 redire
1372 3901 1520 3987 soleant,
1555 3907 1633 3992 tum
1668 3899 1800 3974 rediere

281 4040 393 4114 nuper
413 4027 658 4116 argumentum
681 4019 865 4119 cogitanti,
887 4020 931 4096 de
955 4045 1024 4119 quc
1047 4021 1165 4096 dicens
1186 4021 1380 4120 suspicarer
1403 4044 1549 4109 munus,
1575 4021 1670 4119 quod
1692 4019 1801 4119 Regis

282 4136 535 4234 Angustissimi
571 4139 785 4239 benignitate
815 4141 851 4214 in
884 4165 941 4214 me
966 4142 1129 4215 collatum
1154 4142 1301 4240 gaudeo.
1353 4141 1402 4214 Ut
1426 4140 1545 4240 paucis
1566 4164 1640 4214 rem
1664 4139 1800 4214 conclu·

281 4255 384 4344 dam,
411 4256 522 4332 visum
542 4259 628 4333 mihi
646 4269 699 4334 cst
717 4283 831 4358 neque
849 4260 893 4335 ab
915 4260 979 4335 hac
999 4260 1215 4335 sollennitate
1233 4261 1403 4348 alienum,
1427 4285 1490 4334 nec
1511 4259 1802 4358 vobisingrutum

282 4375 374 4464 fbre,
400 4377 430 4452 si
451 4378 599 4452 dicerem
617 4381 659 4454 de
680 4381 873 4470 literarum,
888 4384 1095 4479 praesertim
1117 4383 1340 4468 habueram,
1362 4385 1456 4478 apud
1472 4382 1645 4456 Romanoa
1661 4383 1801 4468 studita,

282 4496 400 4571 Nerua
435 4499 585 4572 flaiaco
618 4501 841 4599 Imperatore.
892 4501 998 4580 Quod
1033 4501 1183 4600 quidem·
1209 4501 1279 4574 iam
1314 4510 1462 4604 acturus⁸
1485 4512 1558 4575 vos
1580 4509 1621 4576 ut
1650 4508 1801 4590 attente,

283 4621 324 4689 ut
347 4616 513 4716 placide,
526 4617 563 4692 in
593 4618 714 4718 primis
738 4628 777 4695 ut
810 4620 961 4722 benigne
989 4647 1045 4698 me
1071 4622 1242 4711 audiatis,
1277 4622 1382 4698 etiam
1405 4631 1511 4723 atque
1534 4623 1638 4699 etiam
1660 4647 1745 4722 rogo
1767 4629 1803 4695 et

283 4734 433 4811 obsecro.
1597 4823 1601 4829 ¹
1638 4747 1643 4756 “

332 4855 466 4931 Auctor
487 4856 595 4958 igitur
613 4885 708 4938 rarae
732 4868 929 4960 temporum
952 4861 1144 4954 felicitatis,
1169 4862 1305 4939 reddita
1326 4865 1469 4963 antiqua
1491 4863 1662 4940 sentiendi
1685 4861 1802 4935 dicen·

337 4973 345 4982 .
1561 4987 1581 5056 5
1591 4982 1613 5028 g
