4959 6175
694 686 738 755 20
1243 680 1270 748 l.
1305 680 1344 749 li.
1377 679 1662 749 SPUFFKEN

694 893 859 968 alterutra
876 896 973 991 parte
990 888 1179 967 discedant.
1217 888 1296 965 Hos
1314 886 1465 989 reperies
1482 886 1682 989 praesertim
1698 886 1790 965 inter
1804 885 2036 987 experientiae
2053 895 2216 989 petrones

687 1012 889 1089 acerrimos.
940 1010 1010 1086 Sed
1031 1033 1243 1111 quamquem
1267 1015 1422 1085 osterum
1443 1006 1544 1083 nimii
1569 1005 1714 1084 fortasse
1737 1013 1821 1083 sunt
1845 1007 1883 1081 in
1905 1008 2116 1107 experientia
2142 1011 2215 1088 lau·

698 1132 832 1220 danda,
853 1131 918 1206 bae
937 1139 1054 1207 amen
1075 1130 1112 1204 in
1130 1154 1168 1205 re
1188 1128 1344 1207 debitam
1364 1128 1398 1204 ei
1417 1128 1592 1228 denegent
1611 1125 1727 1203 fidem.
1763 1128 1821 1201 Ita
1839 1150 1919 1203 vero
1936 1152 2015 1203 eam
2036 1129 2216 1207 observem

698 1258 852 1352 oportet,
874 1258 915 1325 ut
938 1250 1043 1340 nihil,
1065 1250 1211 1352 quodsi
1235 1250 1447 1340 adversetur,
1470 1273 1533 1349 pro
1548 1272 1627 1323 vero
1648 1246 1914 1347 amplectamur;
1936 1272 2002 1324 neo
2021 1249 2139 1327 minus
2158 1276 2215 1341 ea,

699 1395 788 1471 quae
812 1371 1023 1471 experientia
1054 1370 1208 1471 respuit,
1239 1394 1460 1471 spernamus,
1495 1392 1602 1469 quam
1624 1390 1715 1467 quae
1745 1366 1912 1467 sibiipsa
1941 1371 2111 1446 conburia
2141 1396 2216 1449 esse

693 1491 934 1592 perspicimus.
984 1491 1064 1567 Hoc
1092 1499 1231 1567 tantum
1254 1514 1457 1581 caveamus,
1490 1514 1535 1565 ne
1559 1512 1620 1579 ea,
1644 1511 1735 1589 quae
1758 1488 1989 1589 experientiae
2010 1514 2078 1594 ope
2100 1515 2216 1569 revera

696 1612 835 1711 cognita
859 1619 961 1702 sunt,
985 1610 1240 1687 confundamus
1262 1635 1344 1687 cum
1365 1610 1429 1701 iis,
1452 1634 1543 1710 quae
1566 1609 1612 1685 ab
1632 1633 1674 1685 ea
1691 1608 1800 1686 ducta
1824 1634 1900 1685 esse
1924 1611 2131 1704 creduntur,
2154 1612 2216 1689 sed

697 1732 837 1807 aliunde
873 1730 1025 1831 proiecta
1055 1738 1163 1828 ¹sunt,
1197 1731 1395 1831 partimque
1430 1730 1517 1808 nibil
1547 1730 1695 1819 habent,
1729 1730 1825 1829 quod
1852 1730 2063 1829 experientia
2094 1732 2215 1809 docere

696 1853 814 1953 possit.
865 1854 941 1927 Neo
964 1854 1059 1953 quod
1089 1850 1282 1951 intelligere
1310 1874 1381 1926 non
1412 1875 1599 1951 possumne
1617 1856 1804 1950 propterea
1824 1851 1892 1926 tale
1916 1876 1992 1927 esse
2013 1850 2214 1951 opinemur,

697 1981 738 2048 ut
759 1980 821 2048 aut
841 1996 911 2048 non
931 1972 977 2047 sit
995 1978 1056 2049 aut
1078 1971 1154 2046 fieri
1171 1977 1331 2070 nequeat.
1367 1973 1494 2070 Itaque
1515 1971 1560 2046 de
1578 1972 1656 2045 Deo
1673 1969 1851 2071 rebusque
1869 1971 1994 2047 divinis
2015 1979 2214 2061 teneamus,

696 2118 802 2193 quae,
834 2092 992 2193 quamvis
1015 2100 1180 2192 superent
1210 2091 1384 2192 quidquid
1417 2098 1577 2168 naturam
1608 2097 1646 2167 et
1673 2098 1810 2167 nosmet
1841 2092 1935 2193 ipsos
1960 2101 2214 2192 perscrutantes

697 2212 898 2301 didicimus,
923 2211 978 2286 his
1004 2218 1212 2287 tamennon
1236 2211 1480 2301 adversantur,
1504 2218 1541 2285 et
1562 2209 1725 2287 amentiae
1758 2212 1969 2312 experientia
1997 2220 2116 2312 partae
2146 2238 2216 2290 non

696 2331 947 2434 impedimento
967 2337 1073 2421 sunt,
1099 2331 1160 2407 sed
1183 2330 1446 2430 complemento.

744 2814 803 2889 Ad
834 2813 976 2891 alteram
1008 2808 1133 2887 accedo
1166 2810 1270 2887 officii
1300 2816 1436 2911 partem
1469 2818 1801 2891 commemoraturus
1824 2836 1883 2906 ea,
1918 2840 2008 2918 qnae
2033 2819 2098 2895 boc
2123 2842 2216 2895 anno

695 2933 903 3010 Academiae
925 2932 1016 3009 laete
1039 2929 1221 3031 tristiaque
1247 2931 1458 3009 acciderunt.

742 3179 868 3253 Facere
890 3199 961 3250 non
983 3197 1148 3273 possum,
1173 3172 1259 3274 quin
1283 3174 1439 3276 primum
1465 3175 1619 3276 gratuler
1643 3175 1735 3278 Regi
1760 3179 2026 3280 augustissimo,
2050 3180 2107 3255 cui
2130 3203 2212 3255 con·

695 3296 776 3398 tigit
799 3295 862 3372 filii
886 3292 1116 3382 dilectissimi,
1139 3293 1311 3396 Principis
1332 3294 1521 3383 Areusiae,
1556 3295 1672 3371 videre
1705 3297 1798 3374 diem
1830 3299 1982 3375 natalem
2009 3299 2212 3375 duodevice·

694 3419 841 3507 simum,
858 3423 1027 3518 gratoque
1042 3413 1189 3491 recolere
1207 3413 1339 3503 animo,
1357 3415 1456 3515 regni
1471 3413 1655 3491 haeredem
1673 3417 1720 3492 ad
1738 3441 1815 3495 eam
1832 3418 2028 3520 pervenisse
2044 3428 2211 3508 auum,

693 3565 782 3640 quae
806 3539 941 3615 aditum
972 3537 1004 3612 ei
1033 3535 1136 3612 iaciat
1157 3534 1203 3611 sd
1225 3535 1475 3636 rempublicam
1502 3537 1758 3636 capessendam.
1809 3540 1940 3616 Iactus
1964 3539 2040 3616 dies
2063 3540 2131 3616 fuit
2152 3541 2210 3616 ille

691 3661 757 3735 toti
777 3659 928 3760 patriae,
953 3657 1085 3758 optima
1108 3654 1249 3756 quaevis
1273 3655 1318 3729 de
1341 3653 1466 3732 iuvene
1489 3656 1754 3755 generosissimo
1775 3659 1946 3758 speranti,
1970 3658 2079 3759 inque
2100 3660 2211 3760 prima

691 3780 821 3878 patriae
845 3779 931 3854 urbe
954 3777 1143 3875 multisque
1166 3776 1243 3852 aliis
1267 3774 1350 3850 loeis
1371 3799 1500 3875 magno
1520 3784 1689 3874 apparatu
1708 3777 1913 3856 celebratus.
1963 3781 2046 3859 Qua
2067 3778 2209 3880 quidem

692 3901 730 3974 in
752 3921 788 3972 re
811 3897 841 3971 si
860 3897 935 3972 aliis
955 3894 1087 3972 iuimm
1112 3894 1309 3984 inferiores,
1333 3893 1439 3969 nullis
1459 3894 1603 3970 secundi
1631 3919 1707 3971 esse
1733 3898 1893 3976 volumus
1915 3899 1953 3976 iu
1977 3897 2095 3975 studio
2124 3921 2207 3998 erge

693 4015 906 4115 Principem,
930 4016 1140 4114 Patremque
1172 4014 1247 4089 eius
1271 4013 1559 4114 angustissimum
1584 4022 1621 4090 et
1644 4023 1786 4116 gentem
1808 4017 1951 4094 omnino
1971 4017 2205 4094 Arandunum.

692 4139 825 4237 Magno
852 4135 1017 4211 duximm
1048 4133 1189 4222 honori,
1224 4133 1334 4233 Regi,
1361 4133 1475 4210 lilium
1507 4135 1722 4210 mrissimum
1753 4135 1844 4212 bona
1870 4137 2052 4238 disciplina
2070 4137 2208 4214 educari

503 4297 506 4303 -
572 4319 577 4324 .
690 4256 906 4357 optimisque¹
936 4255 1070 4331 artibus
1095 4253 1221 4329 instrui
1247 4252 1394 4342 volenti,
1428 4253 1516 4329 nibil
1545 4254 1672 4331 medus
1701 4279 1778 4332 ease
1805 4257 1938 4347 usum,
1972 4281 2080 4358 quam
2106 4280 2205 4346 eum,

602 4439 606 4446 .
667 4401 793 4453 curae
816 4377 983 4453 traditum
1007 4376 1070 4450 viri
1093 4383 1129 4451 et
1151 4374 1345 4476 generiset
1365 4373 1474 4450 animi
1493 4375 1695 4475 praesertim
1716 4373 1898 4454 nobilitate
1920 4377 2115 4480 oonspioui,
2138 4378 2207 4452 bne

690 4497 845 4586 mittere,
870 4497 932 4597 qui
956 4495 1057 4572 stab
1079 4496 1155 4572 aliis
1177 4479 1259 4572 iiria
1288 4495 1399 4573 doctis
1426 4502 1463 4570 et
1485 4520 1508 4570 a
1531 4495 1709 4571 nonnullis
1731 4497 1941 4574 Academiae
1961 4505 2100 4574 nostrae
2123 4498 2205 4572 Pro·

688 4616 875 4692 fossoribus
915 4616 1070 4693 doctriua
1108 4616 1359 4692 institueretur.
1408 4615 1605 4691 Multorum
1641 4639 1685 4690 ex
1724 4614 1958 4693 illustrissima
1998 4639 2075 4692 sua‘
2103 4622 2208 4716 gente

688 4737 884 4837 exemplum
922 4744 1078 4826 secutus,
1115 4743 1195 4811 ante
1227 4734 1291 4810 hos
1328 4735 1418 4812 duos
1449 4759 1560 4812 annos
1592 4735 1758 4836 Princeps
1792 4736 1928 4838 Regius
1961 4737 2042 4814 albo
2077 4735 2206 4812 civim

686 4857 960 4936 academicorum
989 4863 1042 4932 est
1073 4854 1278 4957 inscriptus:
1303 4855 1371 4932 sibi
1390 4862 1510 4933 autem
1532 4880 1615 4933 arros
1626 4855 1792 4951 devinxit
1812 4853 2206 4960 Pmeosptorasmgan'i
